received_utc_nanoseconds	timestamp_utc_nanoseconds	PriceMillionths	SizeBillionths	Side
1618090137140737000	1618090137157544000	35690	1000000	-1
1618090137851379000	1618090137864544000	35700	29801980	2
1618090143777062000	1618090143793909000	35700	4641070	1
1618090155038792000	1618090155053606000	35710	1000000	1
1618090155039208000	1618090155053606000	35720	231355690	1
1618090155525629000	1618090155545750000	35720	76002090	1
1618090160008798000	1618090160028065000	35720	32088080	1
1618090160075580000	1618090160091650000	35710	4748690	-1
1618090164269735000	1618090164290353000	35720	10342510	1
1618090166776892000	1618090166794062000	35720	1145970	1
1618090167152230000	1618090167165092000	35710	237902400	-1
1618090177422327000	1618090177440008000	35720	464368840	2
1618090182516504000	1618090182538197000	35720	47422920	-1
1618090187947883000	1618090187958198000	35720	3217240	-1
1618090191256025000	1618090191270440000	35710	29778990	-1
1618090197916767000	1618090197926029000	35730	2832520	1
1618090210952661000	1618090210965768000	35730	8713230	1
1618090220278703000	1618090220295112000	35700	76136010	1
1618090222245798000	1618090222264027000	35690	521582860	-1
1618090222670903000	1618090222680896000	35680	4268060	-1
1618090228933061000	1618090228953397000	35690	314449870	1
1618090243530537000	1618090243546289000	35680	2792250	1
1618090247917994000	1618090247932572000	35690	1709090	1
1618090251877357000	1618090251881377000	35690	15973110580	5
1618090251896939000	1618090251881377000	35700	7281039350	2
1618090255984154000	1618090256003415000	35680	5904770	-1
1618090257236164000	1618090257253033000	35690	22890460	1
1618090260597905000	1618090260612800000	35690	5576340	1
1618090260648476000	1618090260662750000	35680	12328320	-1
1618090263208585000	1618090263226057000	35690	4669840	1
1618090267751061000	1618090267770989000	35690	1423323050	1
1618090268011157000	1618090268024165000	35670	474166240	-2
1618090286269629000	1618090286288753000	35690	58480160	1
1618090295094278000	1618090295113488000	35680	23668850	-1
1618090304988410000	1618090305004807000	35680	2319540	1
1618090305513407000	1618090305526089000	35660	23899270	-1
1618090317132071000	1618090317102745000	35680	4653208250	1
1618090318977984000	1618090318995324000	35670	93065810	2
1618090321915850000	1618090321926800000	35670	10070816500	2
1618090323185759000	1618090323205543000	35660	40171070	-1
1618090323446794000	1618090323420587000	35670	46519170	1
1618090336564838000	1618090336584459000	35670	69839540	1
1618090336986872000	1618090337007710000	35660	111005400	-1
1618090341580902000	1618090341600636000	35670	209463660	1
1618090341774139000	1618090341786329000	35670	5579200	1
1618090342379092000	1618090342400261000	35660	289450630	-1
1618090348336628000	1618090348356249000	35670	8624260	1
1618090348778131000	1618090348796114000	35660	38939550	-1
1618090349889271000	1618090349908583000	35670	4774240	1
1618090353198090000	1618090353220109000	35660	3797610	-1
1618090353207600000	1618090353227758000	35660	36174980	-1
1618090358705992000	1618090358725073000	35650	2468440	-1
1618090360828268000	1618090360848940000	35650	148434460	-1
1618090365228417000	1618090365239150000	35650	462788100	-1
1618090370188060000	1618090370206275000	35650	5651110	-1
1618090371107882000	1618090371124816000	35650	36077260	-1
1618090372300589000	1618090372311260000	35650	4892190	-1
1618090373952996000	1618090373962397000	35660	303857940	1
1618090380506914000	1618090380522070000	35660	4122750	1
1618090394777000000	1618090394789404000	35650	1582835680	-1
1618090400121257000	1618090400139275000	35660	208656010	1
1618090403974870000	1618090403990921000	35660	165935430	1
1618090404052278000	1618090404073473000	35650	13897350	-1
1618090404323092000	1618090404343799000	35660	94312390	1
1618090418909007000	1618090418922506000	35650	4179960	-1
1618090420015078000	1618090420033530000	35660	46637660	1
1618090420712968000	1618090420730518000	35660	464902740	1
1618090420787995000	1618090420802807000	35650	11327070	-1
1618090423221286000	1618090423238578000	35660	1113919860	1
1618090427517974000	1618090427534876000	35660	11629440	1
1618090428901803000	1618090428921950000	35670	59389330	1
1618090431482828000	1618090431501032000	35670	171690000	1
1618090438436528000	1618090438442766000	35670	27959330	1
1618090438606797000	1618090438616571000	35660	1153130	-1
1618090440890280000	1618090440908680000	35670	402844260	-1
1618090443026491000	1618090443046938000	35680	2347584170	1
1618090455715573000	1618090455717258000	35680	35974060	1
1618090457802327000	1618090457813738000	35670	1070778750	-1
1618090457801821000	1618090457813738000	35680	7996385640	-2
1618090462660887000	1618090462676026000	35690	17061110	1
1618090467871083000	1618090467887921000	35690	134601330	1
1618090472458245000	1618090472470641000	35670	1639616280	-2
1618090472455357000	1618090472470641000	35680	2199140	-1
1618090473373638000	1618090473374009000	35690	73386020	1
1618090473928956000	1618090473940875000	35690	47632390	1
1618090475148655000	1618090475166772000	35680	14569360	1
1618090484921420000	1618090484941869000	35690	27477360	1
1618090486078838000	1618090486073910000	35690	28994670	1
1618090489190336000	1618090489206911000	35690	2793580	1
1618090493980296000	1618090493998415000	35690	14398190	1
1618090516432750000	1618090516449798000	35700	30161690	1
1618090519297338000	1618090519316920000	35700	251077900	1
1618090533381653000	1618090533397538000	35700	19419360	-1
1618090534066909000	1618090534084238000	35700	208261250	-1
1618090534862245000	1618090534881730000	35710	185667430	1
1618090538990522000	1618090539008201000	35710	4967410	1
1618090552913593000	1618090552931032000	35710	47373270	-1
1618090554030882000	1618090553938374000	35720	2661870	1
1618090559310758000	1618090559325968000	35720	2387850	1
1618090561049322000	1618090561068317000	35720	2305510	1
1618090563379923000	1618090563395238000	35720	90603110	1
1618090568240477000	1618090568257190000	35730	13793750	2
1618090572948203000	1618090572968728000	35730	3186710	1
1618090578879574000	1618090578891792000	35730	12644410	1
1618090578880505000	1618090578891792000	35740	1190131580	3
1618090581673999000	1618090581679755000	35730	710599060	-1
1618090582158695000	1618090582178759000	35740	2337080	1
1618090590103454000	1618090590120207000	35740	50583190	1
1618090595610175000	1618090595628987000	35750	235466010	1
1618090600596470000	1618090600594002000	35750	34444920	1
1618090614431639000	1618090614448766000	35740	25173710	1
1618090617465828000	1618090617486348000	35740	91317290	1
1618090623106822000	1618090623114089000	35730	1692628320	3
1618090633876829000	1618090633897642000	35720	1280727560	1
1618090637564212000	1618090637581503000	35710	1031263890	1
1618090639503234000	1618090639520609000	35700	4654080	1
1618090640498320000	1618090640517306000	35700	23002170	1
1618090649382114000	1618090649399290000	35700	4687020	1
1618090651226630000	1618090651244559000	35700	246539920	1
1618090655872664000	1618090655890920000	35700	1358747610	1
1618090661616864000	1618090661635728000	35710	73340470	1
1618090666120639000	1618090666139748000	35700	9529820	-1
1618090669512034000	1618090669522093000	35710	989918790	1
1618090672603956000	1618090672625212000	35690	1128270	-1
1618090674783841000	1618090674801928000	35700	22211520	1
1618090675762294000	1618090675778054000	35700	2383580	1
1618090678215647000	1618090678235601000	35710	64148440	1
1618090678764985000	1618090678766955000	35710	11613160	1
1618090687077162000	1618090687059409000	35710	8713230	-1
1618090698447370000	1618090698465289000	35730	4433690	1
1618090705526095000	1618090705542670000	35740	1868040	1
1618090724040440000	1618090724043117000	35730	950000000	-2
1618090733653954000	1618090733657508000	35740	92854720	1
1618090734239205000	1618090734209740000	35740	2468330	1
1618090738649782000	1618090738665285000	35730	282480	-1
1618090751124155000	1618090751141693000	35710	1160867850	-2
1618090754190443000	1618090754189125000	35710	11842760	-1
1618090756213210000	1618090756235105000	35730	303737540	1
1618090756583411000	1618090756597264000	35730	360560960	1
1618090760046914000	1618090760061159000	35730	2289866860	1
1618090762699488000	1618090762716791000	35730	253069040	1
1618090763415526000	1618090763435228000	35730	5569820	1
1618090765943972000	1618090765947219000	35730	1439560	1
1618090769212213000	1618090769225046000	35720	13165480	-1
1618090769806882000	1618090769788487000	35720	24994940	1
1618090776212872000	1618090776231016000	35720	11724860	1
1618090778855656000	1618090778861063000	35720	3564221360	1
1618090783834287000	1618090783854018000	35720	27879420	1
1618090787710915000	1618090787731216000	35710	19422120	-1
1618090790508002000	1618090790527494000	35710	1089260	-1
1618090794566270000	1618090794580414000	35720	2332960	1
1618090798001794000	1618090798013295000	35720	345883280	1
1618090801195144000	1618090801214382000	35720	928600440	1
1618090814321677000	1618090814298240000	35720	74218740	1
1618090814911487000	1618090814931677000	35720	271877680	1
1618090817428716000	1618090817398558000	35710	100000000	-1
1618090817430708000	1618090817415548000	35710	10000000	-1
1618090820392362000	1618090820411764000	35710	10232860	-1
1618090847260831000	1618090847262117000	35720	3348480	1
1618090864893093000	1618090864923953000	35720	303465590	-1
1618090869838402000	1618090869873541000	35730	7352170	1
1618090883397252000	1618090883430162000	35720	20368090	-1
1618090888996818000	1618090889014664000	35740	231968520	1
1618090914196401000	1618090914229170000	35740	256259040	-1
1618090919157571000	1618090919180847000	35750	27916080	1
1618090921964214000	1618090921996932000	35740	22962340	-1
1618090929519870000	1618090929551895000	35750	83916090	3
1618090930156738000	1618090930192894000	35750	27916080	1
1618090937249226000	1618090937286168000	35740	59924660	-1
1618090937670339000	1618090937698836000	35740	370000000	-1
1618090940570052000	1618090940606593000	35750	4871083650	1
1618090940881891000	1618090940910356000	35750	27916080	1
1618090942863270000	1618090942872403000	35750	29000000	1
1618090944942259000	1618090944974622000	35730	47367660	-1
1618090948000635000	1618090948035143000	35730	1339634750	-1
1618090954519314000	1618090954553307000	35750	1034520	1
1618090958096249000	1618090958132982000	35760	4058690	1
1618090958988858000	1618090959023839000	35760	379008090	1
1618090961559320000	1618090961596714000	35760	142332770	1
1618090962276432000	1618090962301409000	35760	255555380	1
1618090962277589000	1618090962301409000	35770	69002410	1
1618090963761399000	1618090963795352000	35760	47372600	-1
1618090964156719000	1618090964185374000	35770	361917140	1
1618090974049407000	1618090974079128000	35770	13032063620	4
1618090977157500000	1618090977195418000	35760	62464930	-1
1618090979527216000	1618090979559188000	35780	4631990	1
1618090980324252000	1618090980359052000	35770	84601410	-1
1618090980474889000	1618090980509727000	35780	9003610	1
1618090982470913000	1618090982509539000	35780	463939000	1
1618090994226403000	1618090994261122000	35780	4676540	1
1618090995748320000	1618090995784524000	35780	9380760	1
1618090999128012000	1618090999114458000	35770	970000000	-1
1618090999285118000	1618090999275277000	35760	19330000000	-5
1618091001151115000	1618091001162373000	35750	159938900	1
1618091004294253000	1618091004328604000	35770	231955790	1
1618091008024108000	1618091008003152000	35760	2519496500	-1
1618091008029762000	1618091008006038000	35760	1182741250	-1
1618091008032677000	1618091008013112000	35760	1031860140	-1
1618091008485209000	1618091008518480000	35760	2236820	-1
1618091009920258000	1618091009954328000	35790	278849670	1
1618091017488656000	1618091017522041000	35780	76896840	-1
1618091018481015000	1618091018512327000	35790	4859750	1
1618091020687701000	1618091020721871000	35800	4629400	1
1618091022009498000	1618091022044857000	35780	97733500	-1
1618091022010692000	1618091022048827000	35780	148236720	-1
1618091023292696000	1618091023331942000	35790	2328400	1
1618091024263166000	1618091024297469000	35780	293451870	-2
1618091036294109000	1618091036307058000	35780	1193170	-1
1618091038772417000	1618091038803105000	35790	8456210	-1
1618091038834307000	1618091038863220000	35800	8352230	1
1618091039265189000	1618091039292344000	35800	33254170	1
1618091044943561000	1618091044981267000	35780	231935750	1
1618091047096798000	1618091047134169000	35770	4342210	-1
1618091053849193000	1618091053864654000	35760	22807721670	-7
1618091053830167000	1618091053864654000	35770	8896823100	-2
1618091058934006000	1618091058953606000	35780	735280150	1
1618091059887871000	1618091059926916000	35780	159953970	1
1618091068752486000	1618091068789009000	35780	371064320	1
1618091072470116000	1618091072509856000	35780	159690750	-1
1618091072671662000	1618091072710522000	35780	71003230	-1
1618091089309853000	1618091089331016000	35800	139117100	1
1618091108229185000	1618091108206865000	35780	14674000	-1
1618091108450518000	1618091108391866000	35780	8410000000	-2
1618091117459580000	1618091117488139000	35770	5425310	1
1618091129065295000	1618091129104652000	35770	192493250	-1
1618091135796004000	1618091135828132000	35780	50091540	-1
1618091151409672000	1618091151439855000	35780	10568630	-1
1618091151765212000	1618091151804676000	35780	481577770	-1
1618091153804805000	1618091153844455000	35780	21941200	-1
1618091158078912000	1618091158115274000	35800	13577880	1
1618091167243530000	1618091167278140000	35790	1825130	1
1618091171046673000	1618091171086794000	35780	307279210	-1
1618091182576581000	1618091182615158000	35780	30000000	-1
1618091190451318000	1618091190484925000	35790	5504940	-1
1618091191353685000	1618091191392814000	35800	1208680	1
1618091191354290000	1618091191392814000	35810	1435920	1
1618091192451145000	1618091192488746000	35810	35566320	1
1618091192768483000	1618091192805321000	35810	278693940	2
1618091202883439000	1618091202908942000	35810	249529610	1
1618091206489951000	1618091206526443000	35810	463174710	2
1618091206933721000	1618091206957349000	35810	29439130	1
1618091210186175000	1618091210225976000	35790	4290800	1
1618091222531774000	1618091222547657000	35780	288596900	-2
1618091223375546000	1618091223409968000	35780	5940590	-1
1618091232015690000	1618091232052884000	35780	118353840	-1
1618091240228062000	1618091240268994000	35780	47341540	-1
1618091241616869000	1618091241645763000	35780	109748600	-1
1618091242685644000	1618091242722029000	35790	868760050	1
1618091259855679000	1618091259883063000	35770	2536680	1
1618091260065509000	1618091260105277000	35760	520000000	-1
1618091261705915000	1618091261747012000	35760	1795170	-1
1618091263566767000	1618091263605989000	35760	11483820	1
1618091268750869000	1618091268787481000	35760	1043123680	2
1618091274058641000	1618091274099942000	35770	27410460	1
1618091275191375000	1618091275231057000	35770	232431900	1
1618091276803658000	1618091276826908000	35760	373645100	-1
1618091277037864000	1618091277056352000	35770	838608600	1
1618091279551461000	1618091279590987000	35760	23671500	-1
1618091282954049000	1618091282986092000	35770	109930690	-1
1618091284552998000	1618091284593169000	35770	96274700	-1
1618091285404403000	1618091285439959000	35780	929235300	1
1618091287284584000	1618091287323796000	35770	38532460	-1
1618091289606099000	1618091289641078000	35780	14191057290	3
1618091293902803000	1618091293940286000	35780	2329050	1
1618091300598539000	1618091300640867000	35790	1808440	-1
1618091312581284000	1618091312613259000	35790	7886950	1
1618091319264956000	1618091319298344000	35790	232127500	1
1618091332995239000	1618091333003568000	35800	116063750	1
1618091341315119000	1618091341355962000	35780	818836670	-1
1618091344030888000	1618091344070460000	35790	67532130	1
1618091346147588000	1618091346181924000	35770	8328650	-1
1618091356047575000	1618091356085665000	35770	11852920	-1
1618091367588642000	1618091367630181000	35790	139304460	1
1618091373838011000	1618091373881195000	35780	84569220	-1
1618091376336070000	1618091376373062000	35780	12075350	-1
1618091377059286000	1618091377102051000	35780	642956120	1
1618091379941690000	1618091379969106000	35780	5560760	1
1618091402108313000	1618091402142428000	35790	696467520	1
1618091407558095000	1618091407594690000	35770	8322060	-1
1618091425438119000	1618091425477369000	35780	890000000	-2
1618091425443412000	1618091425485765000	35780	8507660	-1
1618091428969982000	1618091429010583000	35790	515561910	1
1618091437245732000	1618091437284758000	35790	5588150	1
1618091443699281000	1618091443737270000	35770	357327230	-1
1618091445308524000	1618091445346619000	35790	2358800	1
1618091471032766000	1618091471076913000	35780	7088150	1
1618091472443476000	1618091472485964000	35780	2329050	1
1618091480334550000	1618091480378465000	35790	464165540	1
1618091484726542000	1618091484767505000	35790	9261390	1
1618091498036815000	1618091498074547000	35790	111031680	1
1618091508319123000	1618091508359568000	35780	16826620	-1
1618091513067606000	1618091513111525000	35780	16921290	-1
1618091528396399000	1618091528439747000	35790	10796200	1
1618091530820546000	1618091530863662000	35790	5807290	1
1618091532729827000	1618091532771862000	35780	176833490	-2
1618091535071918000	1618091535064965000	35780	1894562840	-1
1618091538062395000	1618091538106098000	35790	9286200	1
1618091540397041000	1618091540441701000	35790	111129190	1
1618091543241322000	1618091543286691000	35790	46863030	1
1618091550120662000	1618091550164702000	35780	1774938870	-1
1618091551738539000	1618091551782470000	35790	2135550	1
1618091559952388000	1618091559995752000	35790	14485100	1
1618091561216911000	1618091561260231000	35790	468657930	1
1618091561657218000	1618091561702894000	35780	44978400	-1
1618091574185072000	1618091574205140000	35780	47345680	-1
1618091575545287000	1618091575581575000	35770	1720303020	-1
1618091575544009000	1618091575581575000	35780	1148845350	-1
1618091588431521000	1618091588476677000	35790	4011570	1
1618091592570252000	1618091592616207000	35790	11148640	1
1618091596926497000	1618091596972513000	35790	14661440	1
1618091601065546000	1618091601101113000	35780	2135550	-1
1618091606054403000	1618091606095252000	35780	10796200	-1
1618091609638709000	1618091609682362000	35790	15395630	1
1618091610169441000	1618091610217182000	35780	500961410	-1
1618091619505514000	1618091619550043000	35780	3700000000	-1
1618091628279906000	1618091628314275000	35790	4711580	1
1618091636688749000	1618091636707771000	35780	4629400	1
1618091644773936000	1618091644815047000	35770	3786095090	-2
1618091648316349000	1618091648362184000	35780	69570030	1
1618091653411586000	1618091653447537000	35780	115959190	2
1618091658656248000	1618091658658809000	35780	1200000000	1
1618091667408952000	1618091667455011000	35780	54252570	1
1618091667597988000	1618091667644302000	35780	9288790	1
1618091670642891000	1618091670666605000	35780	40709570	1
1618091676114065000	1618091676158232000	35790	57142390	1
1618091679467752000	1618091679508323000	35790	4629400	1
1618091681811186000	1618091681852321000	35790	2280821900	2
1618091686407003000	1618091686448846000	35810	2019490	1
1618091686736765000	1618091686783571000	35790	222872600	-1
1618091692378233000	1618091692424612000	35800	23403850	1
1618091695510068000	1618091695549545000	35780	14590000000	-3
1618091696246810000	1618091696287810000	35780	46363240	1
1618091697921510000	1618091697967871000	35780	283914130	-1
1618091713334042000	1618091713373831000	35770	236595110	-1
1618091726548197000	1618091726592581000	35790	4636742660	2
1618091733963865000	1618091734008307000	35790	173072370	1
1618091737325016000	1618091737370911000	35790	46376200	1
1618091738652419000	1618091738698900000	35780	2817320	-1
1618091742581215000	1618091742628003000	35790	21762290	1
1618091746749903000	1618091746789534000	35780	11476480	-1
1618091749659452000	1618091749706917000	35780	46348830	-1
1618091750837879000	1618091750886034000	35780	28565070	-1
1618091760299748000	1618091760344455000	35790	285059910	1
1618091762735732000	1618091762624646000	35780	53088590	-1
1618091768165046000	1618091768208224000	35780	863155850	-1
1618091768823772000	1618091768867922000	35790	404892120	2
1618091772133005000	1618091772180961000	35790	83487560	1
1618091776350873000	1618091776398876000	35780	16249900	-1
1618091778828935000	1618091778870577000	35790	335261520	1
1618091783969715000	1618091784012899000	35790	3532920	-1
1618091795173128000	1618091795218215000	35800	15863740	1
1618091799707828000	1618091799748799000	35800	23195310	1
1618091801167303000	1618091801203726000	35790	320068360	-2
1618091801826358000	1618091801875245000	35800	23195310	1
1618091803010954000	1618091803059364000	35800	18539810	1
1618091817331300000	1618091817376456000	35790	32889350	-1
1618091820652801000	1618091820695330000	35800	133980450	1
1618091825353961000	1618091825398490000	35790	3367570	-1
1618091830151455000	1618091830199286000	35800	4673930	1
1618091831411358000	1618091831395693000	35800	87291880	1
1618091834177164000	1618091834225753000	35790	92102130	-1
1618091847687294000	1618091847722706000	35790	6645560	1
1618091847922833000	1618091847959838000	35790	55798530	1
1618091857257821000	1618091857282347000	35800	4839870	1
1618091864296639000	1618091864317454000	35790	5128390	-1
1618091870882588000	1618091870901561000	35790	1041500	-1
1618091876164684000	1618091876179368000	35790	243756400	-1
1618091881543862000	1618091881562013000	35810	92727960	1
1618091881594671000	1618091881611550000	35790	126469780	-1
1618091881594311000	1618091881611550000	35800	820157030	-1
1618091883448497000	1618091883463590000	35790	51848320	-1
1618091883842748000	1618091883858367000	35790	3270000000	-1
1618091897816921000	1618091897833395000	35800	15625860	1
1618091899639885000	1618091899656492000	35800	23424970	1
1618091905790467000	1618091905798912000	35800	2814869650	1
1618091908556449000	1618091908575774000	35800	3697010	1
1618091910834283000	1618091910844534000	35800	371316690	1
1618091911725035000	1618091911743091000	35800	2326380	1
1618091934749010000	1618091934765122000	35800	2229160	1
1618091940070759000	1618091940088750000	35780	18943650	-1
1618091960692260000	1618091960708464000	35790	374211500	1
1618091961411105000	1618091961428761000	35790	3705440	1
1618091961636081000	1618091961645264000	35780	3358120	-1
1618091966448202000	1618091966464333000	35780	1345390	-1
1618091982772489000	1618091982788682000	35790	29884020	1
1618091995709987000	1618091995725684000	35790	2836663060	1
1618091997404333000	1618091997423453000	35780	20447740	-1
1618091997656126000	1618091997673086000	35780	5636630	-1
1618091997880204000	1618091997885459000	35780	210000000	-1
1618092012731118000	1618092012748022000	35750	411205170	-1
1618092020384942000	1618092020399575000	35730	210000000	-1
1618092021737592000	1618092021746001000	35730	3600000000	-2
1618092021759971000	1618092021754485000	35730	210000000	-1
1618092023028160000	1618092023041946000	35730	410000000	-3
1618092025506365000	1618092025519215000	35740	6967530	1
1618092032614580000	1618092032632159000	35720	4607740	-1
1618092033584618000	1618092033601185000	35730	55836820	1
1618092035977849000	1618092035991138000	35730	11167370	1
1618092037115009000	1618092037123542000	35720	47222360	-1
1618092038866005000	1618092038879635000	35730	490026980	1
1618092047634657000	1618092047652905000	35730	23213310	1
1618092048096918000	1618092048112745000	35720	25999870	-1
1618092052114857000	1618092052132287000	35730	14184320	-1
1618092052365759000	1618092052382725000	35740	430137940	1
1618092064204041000	1618092064220515000	35750	1152430	1
1618092068874475000	1618092068875632000	35740	1823032630	3
1618092075044971000	1618092075063032000	35740	267549400	1
1618092079736567000	1618092079747065000	35750	230683100	1
1618092080200813000	1618092080219077000	35740	29767740	-1
1618092098344131000	1618092098359487000	35750	39522510	1
1618092101984380000	1618092102000860000	35730	64612630	-1
1618092103807594000	1618092103827188000	35730	1608560	-1
1618092113267297000	1618092113283236000	35750	141543950	1
1618092123344423000	1618092123360113000	35750	118689160	1
1618092139220208000	1618092139238749000	35760	171534340	1
1618092150779820000	1618092150799396000	35750	14026520	1
1618092153604012000	1618092153618017000	35740	15000000	-1
1618092156404166000	1618092156423460000	35770	154788610	1
1618092175202540000	1618092175217449000	35770	1131458040	2
1618092184102982000	1618092184117581000	35780	593470260	2
1618092186897634000	1618092186903166000	35780	8359240	1
1618092197367777000	1618092197372084000	35760	3786700	-1
1618092207056294000	1618092207070653000	35770	9304270	1
1618092219078657000	1618092219090689000	35770	55743960	-1
1618092221329758000	1618092221342239000	35780	9355700	1
1618092225152857000	1618092225170474000	35780	347493940	1
1618092229683242000	1618092229700192000	35770	18849800	-1
1618092235906839000	1618092235926324000	35780	58770540	1
1618092246397338000	1618092246409595000	35780	231671760	2
1618092247237454000	1618092247254750000	35790	1000000000	1
1618092247739138000	1618092247749436000	35790	2329050	1
1618092250008077000	1618092250019468000	35790	2356450	1
1618092256089390000	1618092256104828000	35780	5060000000	-2
1618092261584843000	1618092261601980000	35780	11289460	1
1618092265451197000	1618092265455460000	35770	266787760	6
1618092274446391000	1618092274456742000	35760	210000000	-1
1618092295111533000	1618092295130047000	35770	14033550	1
1618092298419560000	1618092298436159000	35760	9218560	-1
1618092305676137000	1618092305693161000	35760	3160000000	-1
1618092305682416000	1618092305698101000	35760	750000000	-1
1618092306821746000	1618092306837153000	35760	3820000000	-1
1618092309004391000	1618092309021221000	35770	185087740	2
1618092309125393000	1618092309138592000	35770	89072930	3
1618092317021021000	1618092317040626000	35770	15888090	1
1618092317868797000	1618092317884673000	35760	1881790	-1
1618092328715065000	1618092328730265000	35770	4169256750	2
1618092330804270000	1618092330808534000	35770	55474250	1
1618092331690706000	1618092331709298000	35770	1471820	1
1618092333598311000	1618092333609576000	35760	2486201210	-2
1618092335971878000	1618092335983799000	35740	28419860	-1
1618092339683715000	1618092339690578000	35740	3630000000	-2
1618092340145489000	1618092340151196000	35740	840000000	-2
1618092340308189000	1618092340328105000	35750	13683800	1
1618092340514839000	1618092340526011000	35750	3455370	1
1618092342065461000	1618092342077197000	35730	218083000	-2
1618092352369146000	1618092352386809000	35760	4683090	1
1618092353743464000	1618092353759673000	35750	12774570	1
1618092355268048000	1618092355283326000	35750	2627340	1
1618092361082634000	1618092361083630000	35750	2661740	1
1618092365437932000	1618092365457601000	35740	17855660	-1
1618092366385662000	1618092366392522000	35740	15137700	-1
1618092379716165000	1618092379728251000	35740	15141610	-1
1618092385272216000	1618092385285054000	35740	41414000	-2
1618092388382287000	1618092388396992000	35740	924969150	2
1618092390277459000	1618092390268038000	35730	13360390	1
1618092395768861000	1618092395786350000	35730	414901520	2
1618092399628557000	1618092399647136000	35730	39546320	1
1618092407165582000	1618092407170492000	35720	4726494210	-5
1618092407598378000	1618092407591615000	35710	1742450	-1
1618092413984012000	1618092413997825000	35710	218083000	-3
1618092434434305000	1618092434438690000	35700	42452930	-3
1618092435272517000	1618092435288951000	35700	394250090	-2
1618092441197688000	1618092441215775000	35700	18886230	-1
1618092448547435000	1618092448565398000	35710	5000000	1
1618092448957465000	1618092448975206000	35710	70265990	1
1618092450342408000	1618092450354039000	35710	1839720	1
1618092456037068000	1618092456055956000	35700	1507329180	-1
1618092469580994000	1618092469594225000	35690	1565321770	-2
1618092469578174000	1618092469594225000	35700	416084710	-1
1618092483993931000	1618092484011537000	35690	18686550	1
1618092500639849000	1618092500660963000	35700	6378790	1
1618092502888579000	1618092502902219000	35690	1368588370	-2
1618092505495187000	1618092505512526000	35680	29278080	-1
1618092505543226000	1618092505557134000	35690	462871420	1
1618092512094126000	1618092512111966000	35670	54306120	-1
1618092518615045000	1618092518631000000	35680	16070470	1
1618092525162876000	1618092525177608000	35680	1028687620	2
1618092526534696000	1618092526542823000	35680	810499650	1
1618092542018841000	1618092542027995000	35690	46326820	1
1618092544647321000	1618092544662807000	35690	2803250	1
1618092547425462000	1618092547445527000	35690	44599960	1
1618092547752886000	1618092547768857000	35690	1859210	1
1618092553186135000	1618092553203521000	35670	7083410	-1
1618092553599571000	1618092553617461000	35670	236113570	-1
1618092554988684000	1618092555007931000	35670	38250400	-1
1618092564635836000	1618092564654560000	35680	57369700	1
1618092566421983000	1618092566440086000	35670	20397080	-1
1618092574774893000	1618092574788970000	35680	450153600	1
1618092578920339000	1618092578917275000	35680	78573160	1
1618092578969196000	1618092578983600000	35680	4800640	1
1618092580265847000	1618092580241433000	35680	38347920	1
1618092583828523000	1618092583847462000	35690	12949270	1
1618092590467755000	1618092590486611000	35690	30106750	1
1618092591710626000	1618092591728284000	35680	13070800	-1
1618092595105591000	1618092595111700000	35680	69298860	-1
1618092609001315000	1618092609022185000	35690	2022050	1
1618092610677259000	1618092610690991000	35690	14960790	2
1618092614793466000	1618092614810938000	35690	5612860	1
1618092619240660000	1618092619259512000	35690	23632930	1
1618092626255030000	1618092626269253000	35690	23156920	1
1618092629115399000	1618092629130565000	35690	9257270	1
1618092635616758000	1618092635582923000	35670	9191787920	-5
1618092635569326000	1618092635582923000	35680	8212080	-2
1618092651648190000	1618092651669469000	35690	277915950	1
1618092652134983000	1618092652120388000	35680	11233660	-1
1618092654163010000	1618092654177722000	35690	52338600	1
1618092670508757000	1618092670526764000	35680	37014470	1
1618092673686599000	1618092673705316000	35680	9257270	1
1618092675482710000	1618092675496573000	35670	5042570	-1
1618092677055235000	1618092677070374000	35680	5550420	1
1618092678131592000	1618092678146725000	35670	3598826110	-2
1618092681309827000	1618092681328907000	35670	2308100	1
1618092682989963000	1618092683010264000	35670	183486380	1
1618092685450317000	1618092685466924000	35670	470000000	1
1618092708257044000	1618092708267337000	35660	180263660	-2
1618092708250014000	1618092708267337000	35670	823785370	-2
1618092710838291000	1618092710858360000	35680	2528630	1
1618092711400841000	1618092711419167000	35680	9000000	1
1618092717370611000	1618092717370705000	35660	4878149730	-4
1618092718019068000	1618092718036235000	35670	430000000	1
1618092718073793000	1618092718084686000	35660	18485360	-1
1618092718896520000	1618092718914287000	35670	6951770	1
1618092723015702000	1618092723035682000	35660	5629760	-1
1618092727639275000	1618092727656909000	35660	3091860870	-1
1618092738009716000	1618092738027060000	35670	463240790	2
1618092744741939000	1618092744755279000	35670	6705112850	1
1618092755365339000	1618092755383596000	35670	126175490	-1
1618092765290151000	1618092765305558000	35680	115849540	1
1618092765602561000	1618092765605969000	35680	45473510	1
1618092767896833000	1618092767914169000	35670	1890680	-1
1618092780410244000	1618092780417113000	35680	92653660	1
1618092797745069000	1618092797755564000	35660	50010670	-1
1618092797930807000	1618092797944701000	35670	6949573550	2
1618092809446534000	1618092809461904000	35670	12411430	1
1618092815361440000	1618092815379088000	35670	4644970	1
1618092818505600000	1618092818524850000	35660	378342720	-1
1618092820990576000	1618092821007403000	35670	2775990	1
1618092830655148000	1618092830673588000	35670	6130260	1
1618092835896269000	1618092835917452000	35670	3000000000	1
1618092837655176000	1618092837669895000	35670	306827990	1
1618092848441916000	1618092848460784000	35660	8307770	-1
1618092852672302000	1618092852690517000	35670	2308750	1
1618092862042538000	1618092862062369000	35670	2692450	1
1618092863559554000	1618092863578447000	35660	100000000	-1
1618092871867701000	1618092871884692000	35650	47284340	-1
1618092874161564000	1618092874179502000	35660	410861270	2
1618092883378544000	1618092883398078000	35660	210000000	1
1618092883432559000	1618092883450986000	35660	260000000	1
1618092891704249000	1618092891724466000	35660	1118307350	-1
1618092898164948000	1618092898183339000	35660	13600390	-1
1618092898289967000	1618092898307472000	35660	23243710	-1
1618092900241886000	1618092900262760000	35660	465085870	-1
1618092906451875000	1618092906466694000	35670	74621940	1
1618092907202617000	1618092907219353000	35670	319596300	1
1618092911793335000	1618092911797687000	35660	13043070	-1
1618092912564523000	1618092912578380000	35660	2364220	-1
1618092914309728000	1618092914326132000	35670	66975880	1
1618092917147132000	1618092917168199000	35670	26116850	1
1618092919245149000	1618092919266428000	35680	10646890	1
1618092919411007000	1618092919431458000	35680	4590010	1
1618092924193812000	1618092924212835000	35670	52054130	-1
1618092925897883000	1618092925915011000	35670	43624890	1
1618092927114470000	1618092927131344000	35660	260063880	-1
1618092932800425000	1618092932819052000	35670	18909730	1
1618092933744925000	1618092933765284000	35670	7161360	1
1618092938467986000	1618092938489423000	35670	90398370	1
1618092943274308000	1618092943289205000	35670	487000000	-1
1618092949525232000	1618092949545857000	35680	11598700	1
1618092957092408000	1618092957103638000	35670	743447300	-1
1618092968864741000	1618092968888351000	35680	4836020	1
1618092971953751000	1618092971978812000	35670	11830480	-1
1618092976534330000	1618092976557189000	35670	4051710	-1
1618092988130090000	1618092988162141000	35680	224941200	1
1618092992027458000	1618092991911412000	35670	63000000	-2
1618092993771347000	1618092993797919000	35670	47337170	-1
1618093007447621000	1618093007475157000	35680	1180658710	-1
1618093009899661000	1618093009934804000	35670	114000000	1
1618093017426819000	1618093017459050000	35670	4642370	1
1618093018137245000	1618093018172738000	35670	6410120	1
1618093019055155000	1618093019090065000	35670	9289950	1
1618093027024149000	1618093027053220000	35650	35343820	-1
1618093028586893000	1618093028606632000	35650	9467430	-1
1618093040476370000	1618093040511285000	35660	92815590	1
1618093045875267000	1618093045904883000	35650	468657930	-3
1618093046231257000	1618093046266017000	35660	7329950	1
1618093047162795000	1618093047197285000	35660	649681640	1
1618093051576491000	1618093051605018000	35660	489354080	1
1618093054237293000	1618093054274910000	35660	13508660	1
1618093059040919000	1618093059078463000	35650	790387060	-1
1618093059172105000	1618093059207963000	35640	147210820	-1
1618093060086892000	1618093060122232000	35640	12171200	-1
1618093060779185000	1618093060814851000	35640	472667970	-2
1618093061644941000	1618093061630704000	35640	8927091700	-3
1618093074649585000	1618093074683670000	35630	614468370	-1
1618093079226628000	1618093079260483000	35650	9267670	1
1618093086101629000	1618093086116347000	35650	66195020	-1
1618093088880964000	1618093088915435000	35660	11605210	1
1618093094693550000	1618093094727267000	35660	9402530	1
1618093101860670000	1618093101895046000	35680	81158660	1
1618093110846083000	1618093110878271000	35670	283600780	-1
1618093111887819000	1618093111920767000	35680	3696748870	2
1618093114570434000	1618093114606848000	35680	1024451670	1
1618093118021698000	1618093118057442000	35680	4689650	1
1618093129408139000	1618093129443850000	35680	4643680	1
1618093130546880000	1618093130584503000	35670	47318130	-1
1618093131896748000	1618093131910317000	35680	217923360	1
1618093142610803000	1618093142645673000	35680	5084140	1
1618093142708338000	1618093142726396000	35680	6548860	1
1618093150164766000	1618093150202977000	35670	1000000	-1
1618093150742934000	1618093150773698000	35660	41976300	-1
1618093150742359000	1618093150773698000	35670	5341830	-1
1618093171971059000	1618093172001256000	35680	9259870	1
1618093172966478000	1618093173002738000	35680	1664960	1
1618093176474398000	1618093176473763000	35670	5822000	-1
1618093179913722000	1618093179952274000	35680	14370660	1
1618093183515726000	1618093183551856000	35670	5203420	-1
1618093183974735000	1618093184011394000	35680	13953270	1
1618093201643966000	1618093201681632000	35670	313891290	-1
1618093206705107000	1618093206735484000	35670	16083290	-1
1618093212913318000	1618093212950408000	35680	1868460	1
1618093240570528000	1618093240603600000	35680	94586130	-1
1618093241021836000	1618093241054650000	35690	16194330	1
1618093245690364000	1618093245728811000	35680	61618940	-1
1618093249911783000	1618093249948240000	35690	30000000	1
1618093254292328000	1618093254330630000	35690	23302970	1
1618093257350335000	1618093257388074000	35680	2133710	-1
1618093260661894000	1618093260696063000	35690	14970960	1
1618093268118008000	1618093268155336000	35690	69525710	1
1618093271191705000	1618093271225877000	35680	7758930	1
1618093271254188000	1618093271266609000	35680	11592200	1
1618093283494645000	1618093283527667000	35680	9259870	1
1618093301484699000	1618093301518343000	35690	7132840	1
1618093324083711000	1618093324118402000	35690	13899650	1
1618093338627050000	1618093338653314000	35680	928951000	-2
1618093351962770000	1618093351999533000	35680	764121060	-1
1618093359722517000	1618093359753911000	35690	235559660	1
1618093360331309000	1618093360370011000	35680	47294180	-1
1618093364947526000	1618093364978605000	35690	2325300	1
1618093366995218000	1618093367033701000	35680	15299560	-1
1618093367045843000	1618093367084195000	35690	1457500	1
1618093368746586000	1618093368781698000	35690	6643540	1
1618093373864184000	1618093373898126000	35690	17717930	1
1618093374073654000	1618093374111020000	35680	5635630	-1
1618093382262445000	1618093382300146000	35700	17740430	1
1618093382965092000	1618093383001402000	35700	1031710	1
1618093384004883000	1618093384043472000	35690	6454990	-1
1618093385407821000	1618093385429719000	35700	5005504700	4
1618093408803342000	1618093408842109000	35690	1131140	-1
1618093416566986000	1618093416606019000	35700	213987360	-1
1618093422851791000	1618093422889676000	35700	115916950	1
1618093423494298000	1618093423533550000	35690	2271890	-1
1618093428987647000	1618093429025756000	35700	18536820	1
1618093434101605000	1618093434131754000	35690	3784640	-1
1618093435257504000	1618093435296477000	35700	6000000	1
1618093439844845000	1618093439885392000	35710	24137420	1
1618093441385191000	1618093441421379000	35690	468270250	-2
1618093443579639000	1618093443617146000	35710	92739060	1
1618093447258530000	1618093447296164000	35700	4628000	-1
1618093455437226000	1618093455475575000	35710	107088460	2
1618093465795440000	1618093465833923000	35710	1865250	1
1618093467618864000	1618093467655322000	35700	901953930	-2
1618093472133085000	1618093472164754000	35710	2294080	1
1618093485878384000	1618093485917742000	35720	4196930	1
1618093488392545000	1618093488412626000	35720	218083000	1
1618093488392907000	1618093488412626000	35730	4478650	1
1618093489286786000	1618093489321735000	35720	218083000	1
1618093489287337000	1618093489321735000	35730	805176430	1
1618093495856792000	1618093495894980000	35720	119781030	1
1618093498359971000	1618093498394894000	35720	46829390	1
1618093507870179000	1618093507902528000	35720	231786440	1
1618093511932726000	1618093511972506000	35720	9193060	1
1618093519889061000	1618093519924710000	35720	2380250	-1
1618093532660796000	1618093532700319000	35730	44890050	1
1618093536168046000	1618093536207518000	35720	23622290	-1
1618093539704486000	1618093539745135000	35730	218083000	1
1618093539709220000	1618093539745135000	35740	2096526020	1
1618093551712269000	1618093551741989000	35730	3693756610	4
1618093551714525000	1618093551741989000	35740	3368182040	1
1618093552035754000	1618093552069435000	35730	21754390	1
1618093552570160000	1618093552599139000	35720	258512440	-1
1618093561922125000	1618093561960601000	35740	775759610	1
1618093565489254000	1618093565529412000	35740	35285880	1
1618093574011567000	1618093574050405000	35730	139273380	1
1618093576923073000	1618093576957338000	35740	1665770	1
1618093582028600000	1618093582056819000	35740	2304230	1
1618093583844276000	1618093583882989000	35740	1419614710	2
1618093589385897000	1618093589425747000	35740	115704930	2
1618093591366397000	1618093591407347000	35740	70132870	1
1618093593404658000	1618093593441848000	35740	1931980	1
1618093595986378000	1618093596024591000	35740	185078510	1
1618093598142691000	1618093598180773000	35740	9244320	1
1618093614529570000	1618093614567885000	35740	4334140	1
1618093615706181000	1618093615734066000	35730	2921060	-1
1618093630514528000	1618093630551113000	35740	7309310	-1
1618093631245069000	1618093631282657000	35740	2361190	-1
1618093634368882000	1618093634386044000	35740	45619140	-1
1618093642239435000	1618093642268543000	35750	104496640	1
1618093643967163000	1618093643996974000	35730	1180991700	-2
1618093645055318000	1618093645096425000	35730	2803250	-1
1618093645890718000	1618093645928918000	35740	117487400	1
1618093658730454000	1618093658767112000	35740	46303910	1
1618093669605274000	1618093669638412000	35740	628286680	-1
1618093673833911000	1618093673832554000	35730	1691760	-1
1618093673833198000	1618093673832554000	35740	21928070	-1
1618093676943733000	1618093676981773000	35750	14484520	1
1618093687387788000	1618093687427179000	35740	22446310	-1
1618093690397819000	1618093690436932000	35740	5781612770	-2
1618093696963717000	1618093697005889000	35750	9574110	1
1618093699665910000	1618093699703882000	35750	500839390	1
1618093718147265000	1618093718187886000	35760	124969150	1
1618093725204307000	1618093725246845000	35750	11821250	-1
1618093736425251000	1618093736467012000	35740	141855040	-1
1618093736465053000	1618093736503965000	35760	23139010	1
1618093751446101000	1618093751477704000	35740	2144700920	-2
1618093756823314000	1618093756852191000	35750	5040500	1
1618093767475115000	1618093767517452000	35750	4634580	1
1618093777751238000	1618093777792060000	35750	2354080	1
1618093784907180000	1618093784933029000	35750	94778280	1
1618093786430701000	1618093786471229000	35740	10118040	-1
1618093787784970000	1618093787825813000	35750	19564510	1
1618093796771920000	1618093796811431000	35740	1415440	-1
1618093800360878000	1618093800391908000	35740	625877480	-3
1618093801146338000	1618093801187384000	35750	17324750	-1
1618093810337346000	1618093810378054000	35760	2445090	1
1618093811658121000	1618093811695739000	35760	445888110	1
1618093824592389000	1618093824632035000	35770	2302930	1
1618093824892024000	1618093824934437000	35770	2322950	1
1618093826892506000	1618093826903717000	35770	14458860	1
1618093854478286000	1618093854497695000	35750	19522510	-1
1618093860233675000	1618093860267271000	35760	19652800	1
1618093861183415000	1618093861224479000	35760	26812740	1
1618093862012137000	1618093862033992000	35750	4718130	-1
1618093876858323000	1618093876900969000	35760	13406370	1
1618093885321138000	1618093885354522000	35750	16845130	-1
1618093885522898000	1618093885564392000	35760	46223190	1
1618093893586157000	1618093893627875000	35750	34312060	-1
1618093896728634000	1618093896767915000	35760	343996200	2
1618093901671596000	1618093901713107000	35760	2356730	1
1618093901674132000	1618093901713107000	35770	343047540	1
1618093903902407000	1618093903945783000	35760	9429370	-1
1618093904099678000	1618093904142737000	35760	627839790	-1
1618093907171046000	1618093907213795000	35770	4631990	1
1618093915437229000	1618093915466906000	35770	166340510	5
1618093919464096000	1618093919496201000	35760	424185150	-1
1618093921017094000	1618093921058927000	35770	1162540	1
1618093930174883000	1618093930215680000	35760	536809370	-1
1618093936637746000	1618093936680668000	35760	39559640	-1
1618093938379074000	1618093938422261000	35770	2302290	1
1618093941697820000	1618093941740808000	35760	19311000	-1
1618093943213546000	1618093943252701000	35770	46210260	1
1618093946275318000	1618093946311399000	35770	4055610	1
1618093950866858000	1618093950910030000	35770	61860360	1
1618093954210432000	1618093954243534000	35760	36505190	-1
1618093958147717000	1618093958181094000	35780	230804650	1
1618093961513102000	1618093961556711000	35760	47112810	-1
1618093962463545000	1618093962501925000	35780	161571480	1
1618093966517957000	1618093966560622000	35770	233311280	1
1618093972085257000	1618093972125265000	35770	29584440	1
1618093972565049000	1618093972599356000	35750	721170270	-1
1618093972564517000	1618093972599356000	35760	1159848960	-3
1618093976295979000	1618093976336641000	35770	152763670	1
1618093982901377000	1618093982942749000	35760	1373250	-1
1618093983352215000	1618093983388719000	35770	4189580	1
1618093987403832000	1618093987447022000	35770	146331960	1
1618093998493228000	1618093998531550000	35770	16894510	1
1618094020471315000	1618094020502570000	35770	12329176870	4
1618094027061761000	1618094027100345000	35760	14977000	-3
1618094035221796000	1618094035264908000	35770	2299604770	1
1618094048813765000	1618094048856500000	35760	92391540	1
1618094050607544000	1618094050627278000	35750	2261436150	-1
1618094068605689000	1618094068640513000	35760	1056730790	4
1618094068606179000	1618094068640513000	35770	1683915990	1
1618094076425371000	1618094076465977000	35760	46653160	1
1618094076993837000	1618094077035051000	35760	488869560	1
1618094084859244000	1618094084889024000	35770	9072120	1
1618094095317138000	1618094095361370000	35750	242633250	-1
1618094096447398000	1618094096492428000	35770	461831890	1
1618094100254350000	1618094100299789000	35760	111490560	1
1618094100256583000	1618094100299789000	35770	812139170	1
1618094110940326000	1618094110977959000	35760	6368090	1
1618094113757564000	1618094113790572000	35760	59244420	1
1618094113758134000	1618094113790572000	35770	147519380	1
1618094122113384000	1618094122156422000	35770	44045020	1
1618094125939243000	1618094125955175000	35770	2925010	1
1618094139104146000	1618094139146306000	35760	5998600	1
1618094148040974000	1618094148038437000	35750	3048100	1
1618094148294310000	1618094148309568000	35750	10723960	1
1618094148294784000	1618094148309568000	35770	466563620	1
1618094151134181000	1618094151159656000	35760	866514200	2
1618094156481119000	1618094156520391000	35770	531768450	3
1618094159362658000	1618094159407879000	35770	27709720	1
1618094167138212000	1618094167181099000	35770	231088520	1
1618094173776636000	1618094173820245000	35770	52693680	1
1618094191260171000	1618094191306145000	35770	231325410	1
1618094195165783000	1618094195211114000	35760	6496430	-1
1618094198324633000	1618094198366256000	35750	94424920	-2
1618094200230027000	1618094200271229000	35760	115662710	1
1618094204586269000	1618094204629416000	35750	6132530	-1
1618094205177536000	1618094205221309000	35770	4672536580	1
1618094214872377000	1618094214913848000	35770	18463270	1
1618094235671061000	1618094235709777000	35770	33320530	-1
1618094243677381000	1618094243724370000	35770	7081870	-1
1618094246876572000	1618094246910022000	35780	5178240	1
1618094248481561000	1618094248525646000	35760	7834330	-1
1618094262624513000	1618094262669615000	35770	41922870	1
1618094266279836000	1618094266320528000	35770	1699310	1
1618094268670326000	1618094268713755000	35770	81710160	1
1618094275325799000	1618094275370908000	35770	5563590	1
1618094278979492000	1618094279023691000	35750	12985630	-1
1618094284646672000	1618094284648073000	35760	46307850	-1
1618094284695518000	1618094284738711000	35770	23105140	1
1618094287839478000	1618094287871887000	35770	137041120	1
1618094293800296000	1618094293834260000	35760	23582790	-1
1618094294260428000	1618094294304667000	35770	46237680	1
1618094307420360000	1618094307459059000	35770	3251170	1
1618094320233039000	1618094320278342000	35750	21586390	-1
1618094322522980000	1618094322562721000	35770	1400448960	2
1618094330217487000	1618094330261145000	35750	30756200	-1
1618094332191072000	1618094332238164000	35770	10634390	1
1618094333842641000	1618094333888986000	35750	35373100	-1
1618094362946199000	1618094362990338000	35740	7447220	-1
1618094368670764000	1618094368715674000	35750	11569500	1
1618094376918151000	1618094376953257000	35750	462396370	1
1618094378662376000	1618094378703659000	35740	19343770	-1
1618094379802767000	1618094379837185000	35750	479453450	1
1618094384059898000	1618094384102030000	35740	1973209010	-1
1618094384179905000	1618094384216627000	35730	554842750	1
1618094385416596000	1618094385447038000	35720	3223600	-1
1618094386155306000	1618094386196801000	35720	149560400	-1
1618094403572117000	1618094403617445000	35740	188672470	1
1618094405186465000	1618094405229035000	35740	9246910	1
1618094413481504000	1618094413527470000	35740	13630350	1
1618094420461240000	1618094420494892000	35740	19200490	1
1618094423536534000	1618094423583035000	35730	47000000	-1
1618094424784751000	1618094424829861000	35730	72043950	-1
1618094430813917000	1618094430852401000	35740	33530290	1
1618094438591184000	1618094438635729000	35740	176781660	1
1618094445093338000	1618094445137809000	35740	71756160	-1
1618094460949123000	1618094460996055000	35740	2758760	-1
1618094465522927000	1618094465567672000	35750	740848850	1
1618094475351471000	1618094475388896000	35750	3184930	1
1618094483273257000	1618094483319481000	35720	28187800	-1
1618094491089209000	1618094491130856000	35720	51892600	-1
1618094496623795000	1618094496660979000	35730	3144040	1
1618094510601183000	1618094510646123000	35720	12887780	-1
1618094526589741000	1618094526635964000	35710	77680560	-1
1618094527638139000	1618094527664195000	35710	24285740	-1
1618094528642159000	1618094528687187000	35730	147084960	1
1618094536448518000	1618094536492677000	35720	3467200	-1
1618094538967336000	1618094539004813000	35720	761853240	-1
1618094545159286000	1618094545207183000	35720	18894080	-1
1618094546599867000	1618094546646359000	35730	340516840	1
1618094548332559000	1618094548377020000	35730	2584010	1
1618094554293179000	1618094554338921000	35720	348676920	-1
1618094559001281000	1618094559048395000	35740	32419890	1
1618094567271684000	1618094567317987000	35740	37059590	1
1618094567735139000	1618094567781244000	35730	131709350	-1
1618094570817493000	1618094570863294000	35720	6510120	-1
1618094583613073000	1618094583654357000	35730	33049810	1
1618094589121699000	1618094589168289000	35740	9009240	1
1618094589442934000	1618094589490704000	35740	22702680	1
1618094594125368000	1618094594157124000	35730	47222270	-1
1618094595577555000	1618094595623598000	35740	5568540	1
1618094596763200000	1618094596811184000	35740	683775530	1
1618094605239064000	1618094605282210000	35740	7105210	-1
1618094612693843000	1618094612736791000	35740	2145420	-1
1618094624975826000	1618094625015409000	35740	3184930	1
1618094625192171000	1618094625230984000	35740	22672940	1
1618094633723822000	1618094633768556000	35740	34424520	1
1618094647239292000	1618094647278882000	35710	27056180	-1
1618094647238827000	1618094647278882000	35720	268083000	-3
1618094658300481000	1618094658327428000	35730	20826130	1
1618094663650090000	1618094663697801000	35730	1912030	1
1618094675911736000	1618094675955737000	35730	46302390	1
1618094693068527000	1618094693112791000	35730	10399340	1
1618094694368253000	1618094694414358000	35720	631999150	-1
1618094695088907000	1618094695135014000	35730	4527420	1
1618094699975835000	1618094700023289000	35740	6942040	1
1618094701459149000	1618094701504202000	35740	1846640	1
1618094704331753000	1618094704379269000	35740	26615740	1
1618094707432167000	1618094707476339000	35730	185102870	1
1618094709555799000	1618094709603872000	35720	2291494750	-1
1618094726580223000	1618094726578814000	35730	18734840	1
1618094729127315000	1618094729173480000	35730	1967460	1
1618094743047342000	1618094743095642000	35720	32267430	-1
1618094745838051000	1618094745810349000	35730	13356500	1
1618094764606594000	1618094764653259000	35730	2354530	1
1618094775813797000	1618094775858987000	35730	2296090	1
1618094779626546000	1618094779675688000	35730	669795830	1
1618094796295635000	1618094796332945000	35720	263287590	-1
1618094796294650000	1618094796332945000	35730	10593399420	-3
1618094813196021000	1618094813223549000	35720	17127896100	-5
1618094813189592000	1618094813223549000	35730	22122483440	-6
1618094820383872000	1618094820427245000	35720	94405970	-1
1618094835490883000	1618094835534336000	35720	16521050	-1
1618094840072697000	1618094840119315000	35730	5602555760	1
1618094847572159000	1618094847619301000	35730	986950060	1
1618094861653842000	1618094861697489000	35720	2154882950	-2
1618094863283844000	1618094863333041000	35730	44732820	1
1618094864467537000	1618094864516086000	35730	28665640	1
1618094875912507000	1618094875953420000	35740	924938130	1
1618094878398931000	1618094878441471000	35730	500000000	1
1618094886338906000	1618094886386014000	35740	38777030	1
1618094889230059000	1618094889275337000	35720	471765990	-1
1618094896014905000	1618094896065125000	35720	48191150	-1
1618094900228766000	1618094900273193000	35720	3732190	-1
1618094905348340000	1618094905391599000	35720	26443090	-1
1618094941015811000	1618094941061373000	35750	93574380	1
1618094956022641000	1618094956067692000	35750	2303580	1
1618094964593603000	1618094964627754000	35750	1048680	1
1618094966849069000	1618094966895301000	35760	93470880	1
1618094970775762000	1618094970824422000	35740	58204320	-1
1618094993355399000	1618094993400457000	35770	9263980	1
1618095000679108000	1618095000723006000	35770	70156980	1
1618095007874979000	1618095007922167000	35750	28149190	-2
1618095019084230000	1618095019126845000	35750	4066400	-1
1618095020437340000	1618095020480907000	35760	4633280	1
1618095027511568000	1618095027557884000	35760	42938810	1
1618095030443175000	1618095030492875000	35750	22842570	-1
1618095045775074000	1618095045818440000	35750	207124930	-1
1618095045772959000	1618095045818440000	35760	112868880	-1
1618095047831205000	1618095047880073000	35770	1779247590	1
1618095050945205000	1618095050992478000	35760	2802850	-1
1618095053681436000	1618095053730473000	35770	46265080	1
1618095059802264000	1618095059849609000	35770	92557570	1
1618095063173786000	1618095063212062000	35770	1290380	1
1618095088360484000	1618095088405899000	35740	44325420	-1
1618095089597953000	1618095089644262000	35740	2720800	-1
1618095099211086000	1618095099254902000	35740	16532630	-1
1618095102177581000	1618095102227048000	35740	273952710	-1
1618095106218688000	1618095106268538000	35750	418134920	1
1618095107208686000	1618095107259614000	35750	115809680	1
1618095107960861000	1618095108009134000	35740	7468030	-1
1618095116713592000	1618095116763255000	35750	46318390	1
1618095133714544000	1618095133759363000	35760	167203800	1
1618095134469125000	1618095134492891000	35750	118090240	-2
1618095134607006000	1618095134631142000	35770	238872720	1
1618095140195762000	1618095140243007000	35760	12791540	1
1618095158720220000	1618095158763324000	35760	51514450	1
1618095162773989000	1618095162822130000	35760	25818710	1
1618095163069217000	1618095163116565000	35760	12379840	1
1618095165613912000	1618095165658633000	35760	6936220	1
1618095175140174000	1618095175191878000	35760	100000000	1
1618095178511881000	1618095178562347000	35740	7585480	-1
1618095182442678000	1618095182486913000	35740	33781880	-1
1618095184414499000	1618095184459274000	35740	156473560	-1
1618095187355826000	1618095187397089000	35740	4300800	-1
1618095187647312000	1618095187667987000	35750	16723150	1
1618095191692506000	1618095191740073000	35760	1034764440	1
1618095194463948000	1618095194498183000	35760	20984120	1
1618095198116615000	1618095198156328000	35770	23149131320	5
1618095222951726000	1618095223001626000	35770	4457660	1
1618095227001782000	1618095227051155000	35760	501553380	1
1618095228103843000	1618095228146780000	35760	13956390100	2
1618095231550386000	1618095231599850000	35760	1308120	-1
1618095231685593000	1618095231734498000	35770	49255760	1
1618095239856741000	1618095239900956000	35760	1570000000	-1
1618095241574160000	1618095241625335000	35750	944494420	-1
1618095244105520000	1618095244126767000	35770	47010860	1
1618095253778867000	1618095253813751000	35770	185005510	1
1618095255524745000	1618095255572036000	35770	2302290	1
1618095259652523000	1618095259702067000	35750	239018110	-2
1618095288284270000	1618095288334756000	35770	55746700	1
1618095294092929000	1618095294144044000	35770	154669410	1
1618095296849612000	1618095296898126000	35760	20000000	-1
1618095299603881000	1618095299650416000	35760	1254226690	-1
1618095303139284000	1618095303186027000	35770	100000000	1
1618095310079345000	1618095310119738000	35770	4990080	1
1618095311996522000	1618095312046869000	35760	23125450	-1
1618095319056848000	1618095319103110000	35780	8862450	1
1618095330068103000	1618095330118384000	35770	31997600	1
1618095340042806000	1618095340093361000	35770	100000000	1
1618095343251974000	1618095343313665000	35760	162358840	-1
1618095344392075000	1618095344450264000	35770	39011460	1
1618095348788552000	1618095348836751000	35750	6093200	-1
1618095374621752000	1618095374682566000	35770	7400220	1
1618095375848550000	1618095375911585000	35760	15372380	-1
1618095386393071000	1618095386452451000	35760	625044540	1
1618095393759331000	1618095393823325000	35750	1018721830	-2
1618095397598710000	1618095397665037000	35760	69724890	1
1618095398881681000	1618095398948799000	35750	2995183500	-1
1618095410390918000	1618095410455884000	35750	5647120	-1
1618095412810044000	1618095412869196000	35750	20328130	-1
1618095425090301000	1618095425156477000	35760	11596920	1
1618095434068437000	1618095434107042000	35750	14007160	-1
1618095451320920000	1618095451385566000	35770	5369840	1
1618095451459205000	1618095451516411000	35770	9209270	1
1618095452585725000	1618095452610522000	35770	162249280	1
1618095473159392000	1618095473223365000	35770	31163150	1
1618095475369682000	1618095475432854000	35760	47264680	-1
1618095487594564000	1618095487659940000	35760	2510470	1
1618095487639809000	1618095487707374000	35750	47264680	-1
1618095487854190000	1618095487921889000	35760	6229650	1
1618095494646887000	1618095494706511000	35750	9249700	-1
1618095502029311000	1618095502094683000	35760	16753300	1
1618095505830615000	1618095505892315000	35750	29613410	-1
1618095507111706000	1618095507147151000	35770	70269940	1
1618095511323094000	1618095511389681000	35760	64678660	-1
1618095513212928000	1618095513279949000	35770	5817560	-1
1618095513269826000	1618095513328552000	35780	64013110	1
1618095516247076000	1618095516309747000	35770	133083100	1
1618095523919379000	1618095523944756000	35760	463455870	2
1618095527468298000	1618095527525858000	35760	36938330	1
1618095529645532000	1618095529709892000	35760	32025290	1
1618095531313536000	1618095531378628000	35750	650647530	-2
1618095532468716000	1618095532514446000	35760	8852300	1
1618095545627558000	1618095545693596000	35760	35606230	-1
1618095560083723000	1618095560135581000	35770	4887541760	1
1618095566562540000	1618095566625587000	35770	32633600	1
1618095568274372000	1618095568339684000	35770	2325730	1
1618095573445787000	1618095573513659000	35750	30849960	-1
1618095577759781000	1618095577811646000	35760	268733000	1
1618095585068317000	1618095585133509000	35750	3164440	-1
1618095602431055000	1618095602490771000	35750	1220000000	-1
1618095603047240000	1618095603111123000	35750	68562350	2
1618095603300399000	1618095603364405000	35740	2480000000	-3
1618095603509103000	1618095603557124000	35740	4040000000	-1
1618095603613822000	1618095603652038000	35740	9483235200	-1
1618095603638965000	1618095603661116000	35740	31010465780	-1
1618095603650549000	1618095603679150000	35720	276515120	-1
1618095603650196000	1618095603679150000	35730	123844880	-1
1618095603654007000	1618095603683193000	35720	335710000	-1
1618095603671832000	1618095603685619000	35720	2021800000	-1
1618095604951837000	1618095605016078000	35730	4715530	1
1618095606658062000	1618095606713889000	35720	280000000	-1
1618095607096954000	1618095607121121000	35720	37780270	-1
1618095607114599000	1618095607167160000	35720	22048194610	-1
1618095618365185000	1618095618429431000	35720	4639770	1
1618095627363736000	1618095627420519000	35720	17613280	1
1618095639227175000	1618095639262467000	35740	95916530	1
1618095641410334000	1618095641473402000	35720	27965200	-1
1618095651108569000	1618095651176823000	35740	20551750	1
1618095667104531000	1618095667170352000	35740	2432990	1
1618095680359360000	1618095680425553000	35730	210000000	-1
1618095680435204000	1618095680501754000	35730	210000000	-2
1618095700233760000	1618095700300278000	35720	130000000	-1
1618095703282325000	1618095703351471000	35730	1810700	-1
1618095711935693000	1618095711997189000	35740	6659750	1
1618095726778686000	1618095726842210000	35740	300000000	2
1618095734240836000	1618095734296456000	35740	99951180	1
1618095736346368000	1618095736418185000	35740	464191270	1
1618095743299902000	1618095743368108000	35740	942378970	-1
1618095745626925000	1618095745694673000	35740	15205770	-1
1618095747911883000	1618095747982080000	35750	11838890	-1
1618095752693633000	1618095752759706000	35760	231921020	1
1618095754277229000	1618095754344119000	35740	662977670	-1
1618095755085263000	1618095755151714000	35740	1399380	-1
1618095757415171000	1618095757484589000	35740	115412150	-1
1618095760485545000	1618095760554174000	35750	629881660	1
1618095763109647000	1618095763176932000	35740	16686460	-1
1618095764042022000	1618095764075808000	35750	50652080	1
1618095775930727000	1618095775994097000	35730	31233170	-1
1618095778107548000	1618095778174975000	35730	23200330	1
1618095789550256000	1618095789617518000	35740	4908810	1
1618095789889182000	1618095789956434000	35740	55681020	2
1618095794121166000	1618095794190754000	35740	2636570	-1
1618095796051292000	1618095796118908000	35740	1033930	-1
1618095819507765000	1618095819563498000	35730	12710591430	-2
1618095819506894000	1618095819563498000	35740	2289408570	-4
1618095825546468000	1618095825604663000	35750	93664750	1
1618095834878125000	1618095834916734000	35750	139147130	1
1618095838055567000	1618095838121913000	35740	22589180	-1
1618095838587319000	1618095838657851000	35750	278328390	1
1618095847932272000	1618095847998646000	35750	126153840	-1
1618095855520688000	1618095855590436000	35740	15347080	-1
1618095857739085000	1618095857796423000	35750	231893600	5
1618095865368947000	1618095865438278000	35750	555985200	1
1618095871217579000	1618095871269121000	35750	46318390	1
1618095879303207000	1618095879372225000	35750	557489230	1
1618095880753204000	1618095880817438000	35750	19580420	1
1618095880979370000	1618095881040419000	35750	115823390	1
1618095883299790000	1618095883361807000	35730	16973280	-1
1618095883299155000	1618095883361807000	35740	3054860	-1
1618095884833439000	1618095884901551000	35750	13716720	1
1618095899339740000	1618095899409168000	35730	12636870	-1
1618095899350361000	1618095899420431000	35740	2331660	1
1618095900203780000	1618095900272084000	35730	23630940	-1
1618095900416019000	1618095900479069000	35730	10636830	-1
1618095902195042000	1618095902265641000	35730	141785650	-1
1618095905142064000	1618095905210610000	35730	35456970	-1
1618095905201037000	1618095905266409000	35740	25503910	1
1618095906716061000	1618095906779751000	35740	7001270	1
1618095907272641000	1618095907343228000	35740	81046940	1
1618095909724076000	1618095909795117000	35740	21944980	1
1618095910641391000	1618095910705275000	35740	132643130	1
1618095910642161000	1618095910705275000	35750	1744356870	1
1618095911119473000	1618095911118074000	35740	294441530	-1
1618095912894374000	1618095912964074000	35750	721899880	1
1618095918659699000	1618095918727877000	35740	665941660	1
1618095922933726000	1618095922996506000	35750	4663310	1
1618095929612931000	1618095929678026000	35750	2397528700	2
1618095929617476000	1618095929678026000	35760	7140913430	1
1618095929847388000	1618095929916846000	35740	33937740	-1
1618095932462567000	1618095932531652000	35760	3050080	1
1618095935927840000	1618095935995360000	35740	28266430	-1
1618095945683935000	1618095945716987000	35740	61000000	-1
1618095946638101000	1618095946618596000	35740	1000000000	-1
1618095950082516000	1618095950152861000	35720	77916740	-1
1618095954919671000	1618095954985866000	35740	4637180	1
1618095960779625000	1618095960849751000	35730	4635880	1
1618095965198509000	1618095965268112000	35740	369301110	1
1618095965654941000	1618095965727830000	35740	462984290	1
1618095972352172000	1618095972422729000	35730	2450000000	-1
1618095992228852000	1618095992299541000	35730	418562000	1
1618095992485216000	1618095992545684000	35730	1605420	1
1618095999368672000	1618095999438596000	35730	211435530	1
1618096002501949000	1618096002563670000	35720	4635880	1
1618096008395216000	1618096008465655000	35720	83543070	1
1618096015979386000	1618096016047220000	35710	186210360	-1
1618096030107602000	1618096030176624000	35720	33139010	1
1618096031244168000	1618096031315266000	35730	3568610	1
1618096035311756000	1618096035368725000	35720	34820260	2
1618096045294817000	1618096045308110000	35730	4637180	1
1618096045475632000	1618096045531310000	35730	125596410	1
1618096057506267000	1618096057559270000	35730	233544760	1
1618096064440804000	1618096064511350000	35730	319502980	2
1618096085458439000	1618096085525294000	35720	4717880	-1
1618096091838372000	1618096091907641000	35730	4637180	1
1618096096161776000	1618096096202666000	35730	184855920	1
1618096103309876000	1618096103382490000	35750	32691280	1
1618096115632877000	1618096115705668000	35730	188245410	-1
1618096120382021000	1618096120429081000	35750	46056400	1
1618096120753440000	1618096120819901000	35740	14879450	-1
1618096158229125000	1618096158299920000	35720	70726360	-1
1618096162852535000	1618096162916086000	35730	158675520	1
1618096162853606000	1618096162916086000	35740	164755860	1
1618096168182335000	1618096168251756000	35730	7408490	-1
1618096170347318000	1618096170421581000	35730	13965170	-1
1618096179278760000	1618096179331241000	35740	41542510	1
1618096185300004000	1618096185361922000	35730	11961360	-1
1618096186114565000	1618096186186730000	35740	2784064910	1
1618096190484965000	1618096190555664000	35740	46139330	1
1618096193071935000	1618096193137388000	35740	2490444040	3
1618096196090702000	1618096196138526000	35730	8560020	-1
1618096196272369000	1618096196346445000	35730	19329150	-1
1618096204790837000	1618096204857932000	35730	2000000	-1
1618096206238939000	1618096206313241000	35740	46139330	1
1618096215137689000	1618096215205776000	35740	44616070	1
1618096217192923000	1618096217237596000	35730	12759290	-1
1618096230606140000	1618096230678222000	35730	1000000	-1
1618096236965649000	1618096237040278000	35740	37635650	1
1618096241850180000	1618096241920449000	35730	471861380	-1
1618096266596255000	1618096266669199000	35740	93253830	1
1618096278831891000	1618096278903581000	35740	6007440	1
1618096282897502000	1618096282960837000	35740	1385414260	1
1618096283485908000	1618096283548971000	35740	461804750	2
1618096294657531000	1618096294731637000	35730	7883470	-1
1618096298525284000	1618096298558651000	35750	682156250	1
1618096300891578000	1618096300962068000	35740	16120110	-1
1618096304006891000	1618096304073390000	35740	4617819910	-2
1618096306641526000	1618096306701682000	35750	1685714030	2
1618096306657618000	1618096306701682000	35760	12058779970	5
1618096306818157000	1618096306890932000	35740	2355220	-1
1618096315971560000	1618096316042610000	35740	25000000	-1
1618096321123209000	1618096321190364000	35760	127626920	1
1618096323113839000	1618096323187295000	35760	1384370	1
1618096325876654000	1618096325942198000	35760	1615070	1
1618096328817364000	1618096328885788000	35750	30617840	-1
1618096334070241000	1618096334142088000	35750	36901780	1
1618096342549913000	1618096342620798000	35750	46373240	1
1618096346500840000	1618096346572209000	35750	9239160	1
1618096355993216000	1618096356065740000	35750	1061456190	1
1618096362186083000	1618096362252843000	35750	4652770	1
1618096363138430000	1618096363211319000	35750	253832440	1
1618096368466344000	1618096368534085000	35750	2122912380	1
1618096371640063000	1618096371697279000	35750	47184050	-1
1618096372083630000	1618096372159025000	35760	51042030	1
1618096376812325000	1618096376882572000	35760	27145480	1
1618096407590332000	1618096407622689000	35760	461491650	4
1618096426730729000	1618096426806271000	35750	507000000	1
1618096432239229000	1618096432311877000	35750	101491290	1
1618096433279094000	1618096433353278000	35750	461154530	1
1618096436352560000	1618096436426903000	35740	3822400	-1
1618096455479950000	1618096455554007000	35740	3073624600	-2
1618096460639782000	1618096460714529000	35760	3623441620	1
1618096469849698000	1618096469892973000	35750	53397920	-1
1618096476301344000	1618096476360160000	35760	466116240	1
1618096480487844000	1618096480559655000	35760	31904730	1
1618096489466970000	1618096489537169000	35760	1261480	1
1618096497960396000	1618096498019047000	35750	23557290	-1
1618096499436048000	1618096499504376000	35760	23312730	1
1618096499765479000	1618096499828526000	35760	4449230140	3
1618096511630399000	1618096511706411000	35760	138450240	1
1618096528638976000	1618096528706491000	35760	92309290	1
1618096528658606000	1618096528728160000	35760	2022173970	1
1618096536553462000	1618096536627245000	35760	932621620	1
1618096547164501000	1618096547232631000	35750	138587310	1
1618096552110564000	1618096552180729000	35770	386637680	1
1618096556605622000	1618096556674444000	35760	473668900	1
1618096557560961000	1618096557635701000	35750	164970220	-1
1618096585292455000	1618096585366505000	35740	14263650	-1
1618096586115163000	1618096586191823000	35760	27798080	1
1618096602657203000	1618096602733800000	35750	3786960	1
1618096610022857000	1618096610091994000	35740	3000000000	-2
1618096610062889000	1618096610135292000	35730	73206610	-1
1618096614770386000	1618096614844314000	35760	4113530	1
1618096617685578000	1618096617751745000	35760	59634500	1
1618096620145615000	1618096620218659000	35760	13706030	1
1618096622738501000	1618096622812662000	35740	17562720	-1
1618096629738008000	1618096629808584000	35740	2293974630	-1
1618096643176716000	1618096643249813000	35750	136971970	1
1618096648473685000	1618096648544945000	35740	4608450	1
1618096651289088000	1618096651360309000	35730	780571520	-1
1618096654126145000	1618096654194160000	35740	553799170	1
1618096660064408000	1618096660130469000	35720	6291149830	-1
1618096660063995000	1618096660130469000	35730	7441690010	-4
1618096662804908000	1618096662879683000	35740	1794000	1
1618096671626438000	1618096671701784000	35740	26986160	1
1618096680137230000	1618096680212550000	35730	685478510	1
1618096681092524000	1618096681170300000	35730	1635640	1
1618096681814816000	1618096681874337000	35730	11083781960	5
1618096695009156000	1618096695078668000	35730	2104800	-1
1618096695217822000	1618096695285817000	35730	224519810	-1
1618096705564815000	1618096705621743000	35740	5074770	1
1618096705734139000	1618096705791732000	35740	14240650	1
1618096710183388000	1618096710199650000	35740	23304590	1
1618096716145631000	1618096716196878000	35740	79994960	1
1618096716943815000	1618096716934993000	35730	1929670	-1
1618096717522154000	1618096717573615000	35740	46772240	1
1618096721901067000	1618096721954351000	35740	547903740	1
1618096723392417000	1618096723442906000	35730	989415610	-2
1618096723791800000	1618096723831662000	35730	12249910	-1
1618096750967289000	1618096751011745000	35740	942300580	-1
1618096756539286000	1618096756586044000	35740	47115030	-1
1618096756969574000	1618096757017267000	35740	9423010	-1
1618096762699681000	1618096762733584000	35740	92335120	1
1618096768951159000	1618096768991238000	35740	4169550	1
1618096774426464000	1618096774463889000	35730	90188540	-1
1618096776628102000	1618096776676692000	35740	17806800	1
1618096777801356000	1618096777849012000	35730	794191150	-1
1618096782325184000	1618096782370542000	35750	46759160	1
1618096796742260000	1618096796791685000	35750	461777320	1
1618096803653356000	1618096803698338000	35740	1700260	1
1618096817839676000	1618096817889104000	35720	1884600	-1
1618096834988051000	1618096835039264000	35730	18347460	1
1618096836184095000	1618096836233131000	35730	16681770	1
1618096844252471000	1618096844295868000	35730	251288750	2
1618096858929325000	1618096858967387000	35740	4538351640	1
1618096859628442000	1618096859676793000	35740	337093560	1
1618096883740043000	1618096883789251000	35730	141873240	-1
1618096886563714000	1618096886609198000	35720	61720690	-1
1618096897998114000	1618096898047065000	35730	86559530	1
1618096903626596000	1618096903671793000	35740	3624871730	1
1618096909852445000	1618096909899461000	35730	30018170	1
1618096919279799000	1618096919329350000	35740	1148310	1
1618096926852259000	1618096926897263000	35750	9246910	1
1618096928428264000	1618096928477983000	35740	94778280	-1
1618096948775218000	1618096948822277000	35750	3061614820	1
1618096955433401000	1618096955482774000	35750	21372840	1
1618096955723795000	1618096955774342000	35760	300015360	1
1618096982240332000	1618096982258315000	35740	12884980	-1
1618096999483495000	1618096999527769000	35750	278059510	3
1618097006813021000	1618097006863716000	35740	14399780	1
1618097012393135000	1618097012435653000	35740	276981930	2
1618097020377155000	1618097020427638000	35720	1177276680	-1
1618097026169832000	1618097026220465000	35730	45659260	1
1618097026177786000	1618097026220465000	35740	69783880	1
1618097032816618000	1618097032865550000	35740	461734990	1
1618097043519829000	1618097043572290000	35740	23325780	1
1618097061047664000	1618097061098309000	35720	1065007160	-1
1618097061395994000	1618097061444470000	35740	184691280	1
1618097069667195000	1618097069718352000	35730	692391680	1
1618097074382458000	1618097074434347000	35730	54505470	1
1618097080988982000	1618097081039620000	35740	9649930	1
1618097083022208000	1618097083073859000	35740	387949910	1
1618097085584390000	1618097085633079000	35730	3698660	-1
1618097092145896000	1618097092195975000	35730	14280650	-1
1618097093876613000	1618097093928513000	35740	8633310	1
1618097103432238000	1618097103483916000	35740	716939880	1
1618097120857293000	1618097120903064000	35740	4615962780	1
1618097121363923000	1618097121415998000	35730	41986100	-1
1618097121721367000	1618097121763421000	35730	1310000000	-2
1618097135168302000	1618097135211870000	35730	10864710	1
1618097136871004000	1618097136918394000	35720	16130000000	-2
1618097137879029000	1618097137924892000	35710	65523360	-1
1618097137878450000	1618097137924892000	35720	4231370	-1
1618097160231503000	1618097160277945000	35730	2304230	1
1618097167900357000	1618097167942915000	35720	760000000	-2
1618097170736670000	1618097170786195000	35710	2250295630	-1
1618097172090938000	1618097172140854000	35720	96941970	1
1618097173389894000	1618097173441090000	35720	4162960	1
1618097180416946000	1618097180462540000	35720	243800360	3
1618097181315246000	1618097181366692000	35720	227034890	1
1618097181996794000	1618097182046394000	35720	93299920	1
1618097191135463000	1618097191189093000	35710	1394854850	-1
1618097204849878000	1618097204900775000	35710	30000000	-1
1618097207584868000	1618097207633155000	35710	4030000000	-1
1618097207589400000	1618097207636508000	35710	1960000000	-1
1618097211308574000	1618097211358146000	35750	40367070	1
1618097213391466000	1618097213418765000	35740	210000000	-1
1618097213400487000	1618097213441447000	35750	4656680	1
1618097214332179000	1618097214371905000	35730	4970000000	-2
1618097214331191000	1618097214371905000	35740	210000000	-1
1618097214753611000	1618097214802505000	35730	37957060	-2
1618097218483832000	1618097218522947000	35720	210000000	-3
1618097218625736000	1618097218671529000	35720	60000000	-2
1618097219711150000	1618097219759001000	35720	137402900	-2
1618097220339039000	1618097220391687000	35720	186938720	1
1618097223680463000	1618097223707481000	35720	59986390	1
1618097227086457000	1618097227133010000	35710	15180000000	-3
1618097240172323000	1618097240211579000	35720	2552800	1
1618097243233957000	1618097243284601000	35710	56571090	-1
1618097243839543000	1618097243887391000	35720	14205530	1
1618097244154293000	1618097244204398000	35720	2493790	1
1618097257494990000	1618097257544193000	35720	5072460	1
1618097258134262000	1618097258182736000	35710	72095510	-1
1618097259405522000	1618097259457914000	35720	113958240	1
1618097262538405000	1618097262591483000	35720	11555010	1
1618097265730420000	1618097265781700000	35710	1437900	-1
1618097284923619000	1618097284968924000	35740	2359000	1
1618097291543917000	1618097291460978000	35720	120000000	-1
1618097291563362000	1618097291507728000	35720	160000000	-1
1618097291564442000	1618097291512647000	35720	693710	-1
1618097297215948000	1618097297268663000	35720	555752660	1
1618097297545487000	1618097297598407000	35710	4637790	-1
1618097302966266000	1618097303017368000	35710	2492570	-1
1618097310128397000	1618097310171321000	35720	6916540	1
1618097318339162000	1618097318382696000	35720	15890787270	3
1618097322469654000	1618097322497573000	35730	46055370	1
1618097326293889000	1618097326343496000	35710	178524490	-1
1618097326576317000	1618097326624945000	35710	38540990	-1
1618097328426394000	1618097328474388000	35720	637398750	2
1618097334882254000	1618097334934498000	35720	166587210	1
1618097338553698000	1618097338595840000	35720	1025825730	1
1618097344298408000	1618097344345956000	35720	2103780	1
1618097353812968000	1618097353862992000	35710	15490000000	-2
1618097355043582000	1618097355094030000	35710	270000000	-1
1618097355243562000	1618097355272526000	35710	5598483860	-1
1618097358127561000	1618097358176577000	35700	11766060	-1
1618097359306934000	1618097359322705000	35710	82756090	1
1618097373728588000	1618097373781036000	35710	15135670	1
1618097374978873000	1618097375027478000	35710	3063070	1
1618097378507676000	1618097378556035000	35700	1502140	-1
1618097382176359000	1618097382228481000	35700	9412979080	-1
1618097382215192000	1618097382265655000	35700	410690610	-1
1618097382387877000	1618097382438999000	35700	9413262460	-1
1618097391196752000	1618097391245067000	35700	850000000	-2
1618097398282895000	1618097398333201000	35710	922600910	2
1618097399064575000	1618097399115731000	35710	2350910	1
1618097400633230000	1618097400683917000	35710	23061590	1
1618097402560771000	1618097402609320000	35710	146142130	1
1618097404865007000	1618097404915839000	35710	27673910	1
1618097412673770000	1618097412724261000	35710	67199280	1
1618097415840307000	1618097415890455000	35700	32928240	-1
1618097421797306000	1618097421841615000	35700	55521280	-1
1618097426088782000	1618097426133061000	35710	22155600	1
1618097426975926000	1618097427025276000	35710	163057190	1
1618097430124751000	1618097430170391000	35700	6563546110	-1
1618097442041182000	1618097442083984000	35700	2766490910	3
1618097444768480000	1618097444812554000	35700	1486056800	1
1618097448998979000	1618097449043902000	35690	1624340	-1
1618097454272169000	1618097454292606000	35700	1258810	-1
1618097456218667000	1618097456270368000	35700	34473200	1
1618097456306904000	1618097456356802000	35700	1490140	2
1618097461602015000	1618097461640492000	35690	9649930	-1
1618097461670413000	1618097461719895000	35690	118240400	-1
1618097464399374000	1618097464448235000	35700	2306160	1
1618097465465838000	1618097465511911000	35700	3927060	1
1618097467591069000	1618097467634480000	35690	9420547480	-2
1618097467796021000	1618097467841364000	35690	9420842410	-1
1618097476171865000	1618097476202852000	35700	96648810	1
1618097478041147000	1618097478094322000	35700	8415170	1
1618097480134279000	1618097480174892000	35690	262803580	-1
1618097482598562000	1618097482645866000	35700	23068050	1
1618097483907041000	1618097483955760000	35690	23141990	-1
1618097485918160000	1618097485963936000	35690	9417937940	-2
1618097486193640000	1618097486229436000	35690	2036620950	-1
1618097486859782000	1618097486910486000	35680	94162790	-1
1618097498257506000	1618097498307114000	35690	18417850	1
1618097500703418000	1618097500720421000	35690	9229800	1
1618097505968290000	1618097506020148000	35680	50004040	-1
1618097507281934000	1618097507331746000	35690	58268420	1
1618097526251910000	1618097526293430000	35680	9414806140	-1
1618097526374512000	1618097526425073000	35680	750000000	-1
1618097526503488000	1618097526556390000	35680	9414806140	-1
1618097526729363000	1618097526763974000	35680	9414806140	-3
1618097531577604000	1618097531567425000	35680	240000000	-1
1618097531807658000	1618097531841276000	35680	1283725370	-1
1618097537054660000	1618097537093808000	35670	240000000	-1
1618097537904098000	1618097537947776000	35670	412195320	-1
1618097546490314000	1618097546544018000	35670	1387860	1
1618097547263902000	1618097547315630000	35660	94136030	-1
1618097554803280000	1618097554856117000	35670	1292210190	1
1618097554830135000	1618097554883305000	35670	2266650	1
1618097558748422000	1618097558798686000	35660	470763250	-1
1618097564474312000	1618097564519168000	35660	4270520	-1
1618097571145289000	1618097571194919000	35670	1015325670	1
1618097581932345000	1618097581984050000	35660	140000000	-1
1618097583161081000	1618097583208018000	35650	783073450	-1
1618097584380666000	1618097584430947000	35650	5244700	1
1618097590872634000	1618097590924388000	35650	2340350	1
1618097597939066000	1618097597989861000	35650	4801390	1
1618097598390463000	1618097598431040000	35650	161620320	1
1618097603768261000	1618097603820451000	35650	2336440	1
1618097606688908000	1618097606727814000	35640	15064420	-2
1618097640341334000	1618097640389341000	35630	164691160	-1
1618097643147868000	1618097643197150000	35650	2310040	1
1618097653624304000	1618097653669877000	35650	5653210	1
1618097663435621000	1618097663487482000	35650	14110880	1
1618097664509718000	1618097664558578000	35640	2125940	-1
1618097664655678000	1618097664707199000	35650	25716240	1
1618097664657043000	1618097664707199000	35670	29824770	1
1618097667061320000	1618097667107355000	35670	8992660	1
1618097674493859000	1618097674545102000	35660	24930670	1
1618097682623411000	1618097682668332000	35650	2722870990	1
1618097688467911000	1618097688520048000	35650	4033460	1
1618097689605032000	1618097689645772000	35650	106275990	1
1618097694096321000	1618097694145284000	35630	47066690	-1
1618097710495759000	1618097710550616000	35660	3035480	1
1618097712269748000	1618097712313007000	35660	3887100	1
1618097720857870000	1618097720888063000	35670	28570160	1
1618097728666446000	1618097728717071000	35670	3887100	1
1618097758109378000	1618097758162309000	35660	54169470	1
1618097759337031000	1618097759389507000	35660	13621020	1
1618097764511537000	1618097764561692000	35650	6969010	1
1618097778519348000	1618097778569840000	35640	2349940	-1
1618097780433665000	1618097780461840000	35630	18901450	-1
1618097784215252000	1618097784266119000	35630	1019550	-1
1618097786454578000	1618097786507034000	35650	13993070	1
1618097803726515000	1618097803777917000	35650	45037800	-1
1618097811723986000	1618097811778758000	35650	1879950	-1
1618097811764297000	1618097811810958000	35660	46077880	1
1618097822306313000	1618097822352057000	35670	229291340	1
1618097827864201000	1618097827914285000	35650	36482810	-2
1618097834638274000	1618097834690226000	35670	2942000	1
1618097857430094000	1618097857482626000	35700	1116330	1
1618097864218087000	1618097864270624000	35700	1373480	1
1618097868048588000	1618097868100721000	35700	17053880	1
1618097878396458000	1618097878398075000	35680	255011250	-1
1618097879604749000	1618097879648368000	35670	4613610	1
1618097885619112000	1618097885673212000	35680	35695900	1
1618097892997059000	1618097893051043000	35670	1000000000	-1
1618097894214212000	1618097894264900000	35680	23019580	1
1618097904226051000	1618097904277212000	35680	24915370	1
1618097907613994000	1618097907668446000	35670	63824140	-1
1618097916476688000	1618097916531946000	35660	93941920	-1
1618097917859847000	1618097917913762000	35680	18441540	1
1618097924277259000	1618097924330817000	35670	275048460	-1
1618097928452749000	1618097928499520000	35670	104508920	-1
1618097931494671000	1618097931549208000	35680	11513010	1
1618097941126323000	1618097941176738000	35670	15033140	1
1618097944626534000	1618097944678149000	35670	21902450	1
1618097953230581000	1618097953283053000	35670	3151440	1
1618097955103264000	1618097955155034000	35670	3683000	1
1618097959168956000	1618097959223648000	35670	3847910	1
1618097964794477000	1618097964848046000	35660	46952100	-1
1618097967256270000	1618097967302708000	35670	68966200	1
1618097967256890000	1618097967302708000	35680	23165390	1
1618097971448922000	1618097971503063000	35680	50277050	1
1618097980392680000	1618097980440353000	35690	506155950	1
1618097982099722000	1618097982148743000	35690	21879390	1
1618097991017533000	1618097991068011000	35670	9390420	-1
1618097991151085000	1618097991206917000	35670	237108130	-1
1618097992885313000	1618097992933965000	35680	460144270	1
1618097996478719000	1618097996529914000	35680	47038500	1
1618097998320663000	1618097998370632000	35680	17696770	1
1618097998598868000	1618097998647761000	35680	46011680	2
1618098004899161000	1618098004952559000	35680	208351450	1
1618098010706279000	1618098010755729000	35680	2585890	1
1618098026726535000	1618098026781844000	35690	9316330	1
1618098029150335000	1618098029202865000	35690	3042540	1
1618098030723992000	1618098030775347000	35690	7873350	1
1618098039613213000	1618098039668489000	35690	1253700	1
1618098043705434000	1618098043757324000	35690	111992990	1
1618098046241649000	1618098046294379000	35670	3887100	-1
1618098057001182000	1618098057025308000	35670	93920740	-1
1618098065335191000	1618098065384485000	35670	8327160	1
1618098077132305000	1618098077186260000	35660	13993070	-1
1618098088029739000	1618098088084803000	35670	1214240	1
1618098101239288000	1618098101294337000	35670	3054013920	1
1618098108121054000	1618098108174205000	35650	12857890	-1
1618098110102540000	1618098110157056000	35650	9624800	-1
1618098110759896000	1618098110808643000	35660	9390050	-1
1618098117173242000	1618098117225722000	35660	1868700	-1
1618098124570336000	1618098124626398000	35660	40817430	-1
1618098124759108000	1618098124812131000	35670	5245790	1
1618098127821158000	1618098127866098000	35680	106808850	1
1618098131647741000	1618098131693904000	35660	28160940	-1
1618098134300886000	1618098134355629000	35680	2650530	1
1618098145414377000	1618098145470033000	35680	1226490750	1
1618098148132031000	1618098148182883000	35660	20228070	-1
1618098148131481000	1618098148182883000	35670	72370460	-1
1618098155920419000	1618098155965762000	35680	147245790	1
1618098177714934000	1618098177754683000	35670	2088320	-1
1618098181716688000	1618098181717714000	35670	14692670	-1
1618098182165117000	1618098182208427000	35680	46354300	1
1618098183080795000	1618098183111712000	35680	53000000	1
1618098183356215000	1618098183392606000	35680	188570	1
1618098186953322000	1618098186993901000	35700	47333050	1
1618098187256826000	1618098187287675000	35690	47805350	-1
1618098188882625000	1618098188924889000	35700	32834500	1
1618098196173632000	1618098196209338000	35690	411054250	-2
1618098202218276000	1618098202259578000	35690	7214320	-1
1618098211021327000	1618098211061471000	35700	50557480	1
1618098218709606000	1618098218717893000	35690	130121000	-1
1618098219109379000	1618098219148959000	35700	271214370	1
1618098219464613000	1618098219502095000	35700	4157750	1
1618098220154241000	1618098220182696000	35700	450062340	3
1618098223835132000	1618098223876498000	35700	152581490	-1
1618098225379355000	1618098225415419000	35700	850000000	-2
1618098226001096000	1618098226042968000	35710	2136540	1
1618098230430796000	1618098230471142000	35700	16439920	-1
1618098238368133000	1618098238405609000	35710	778122560	1
1618098238373986000	1618098238405609000	35720	2073028380	3
1618098238374521000	1618098238405609000	35730	4529190150	1
1618098240261629000	1618098240299610000	35720	352692220	-1
1618098246475989000	1618098246514987000	35730	6887170	1
1618098250575311000	1618098250615695000	35730	600000000	-1
1618098260809893000	1618098260845451000	35740	1084295890	2
1618098271051034000	1618098271092304000	35740	100157080	1
1618098274144389000	1618098274182957000	35730	23159560	1
1618098290456169000	1618098290498099000	35740	6588430	1
1618098291485819000	1618098291524344000	35750	50227370	1
1618098298267963000	1618098298307353000	35750	3589940	-1
1618098300507795000	1618098300546965000	35770	446180700	1
1618098301036299000	1618098301075857000	35760	1522952580	1
1618098308965162000	1618098308992014000	35740	105456830	-1
1618098323277814000	1618098323311548000	35720	3277913190	-2
1618098331081321000	1618098331116646000	35730	12972500	1
1618098336396635000	1618098336438909000	35740	532335120	1
1618098337626074000	1618098337615315000	35730	27552080	1
1618098339676287000	1618098339716964000	35740	2864340	1
1618098340705698000	1618098340742680000	35740	9649930	1
1618098352707393000	1618098352747957000	35730	1810150	1
1618098362941758000	1618098362980096000	35730	210000000	-1
1618098374584586000	1618098374618395000	35720	11175960	-1
1618098380974001000	1618098381015317000	35730	2739770	1
1618098382540671000	1618098382581639000	35720	18538380	1
1618098382844118000	1618098382882800000	35730	1371940	1
1618098390386120000	1618098390424553000	35720	38659500	1
1618098409245087000	1618098409285930000	35720	2732200	1
1618098414038045000	1618098414081894000	35700	279399070	-1
1618098422433521000	1618098422475638000	35710	15471170	1
1618098427626295000	1618098427658273000	35710	13918500	1
1618098436637511000	1618098436675357000	35710	47421220	-1
1618098441408808000	1618098441449338000	35720	3519120	1
1618098443953217000	1618098443988972000	35730	4616790	1
1618098447227573000	1618098447256535000	35740	22938930	1
1618098450377556000	1618098450414158000	35740	307131870	1
1618098451090850000	1618098451127952000	35730	27953730	-1
1618098452823769000	1618098452810231000	35720	259969700	-1
1618098454662271000	1618098454694062000	35720	3000000000	-1
1618098464487079000	1618098464527796000	35720	45987610	1
1618098492307381000	1618098492348655000	35700	59587250	-1
1618098504820456000	1618098504852960000	35710	395883710	1
1618098504821055000	1618098504852960000	35720	870213730	1
1618098508321443000	1618098508355494000	35730	2328990	1
1618098513897903000	1618098513930360000	35710	2763550	-1
1618098530259001000	1618098530291582000	35720	4257060	1
1618098537305832000	1618098537329916000	35700	273199610	-2
1618098538357205000	1618098538283104000	35710	18571290	1
1618098543187031000	1618098543223770000	35710	1372720	1
1618098546147400000	1618098546129424000	35720	82283480	1
1618098552995290000	1618098553033568000	35720	919460730	1
1618098556630318000	1618098556670684000	35710	179088480	-1
1618098567425488000	1618098567463483000	35700	5000000000	-2
1618098581578544000	1618098581615147000	35710	14065720	-2
1618098599945545000	1618098599988582000	35720	2841960	1
1618098605491974000	1618098605532819000	35720	2305510	1
1618098606459026000	1618098606499758000	35710	4257060	-1
1618098610417158000	1618098610458987000	35720	35378660	1
1618098610877119000	1618098610917886000	35700	656400250	-1
1618098613208414000	1618098613234137000	35710	2774580	1
1618098613345364000	1618098613385205000	35710	191342460	1
1618098626583533000	1618098626621669000	35720	5564790	1
1618098637236946000	1618098637278394000	35740	3835110	1
1618098641812908000	1618098641855896000	35720	17846400	-1
1618098645250970000	1618098645291046000	35750	552982320	1
1618098655858767000	1618098655894406000	35750	137781870	1
1618098657990673000	1618098658033296000	35750	46455240	1
1618098663909274000	1618098663940889000	35760	394190870	2
1618098674513670000	1618098674554477000	35760	5597750	-1
1618098681544739000	1618098681585669000	35770	45881360	1
1618098682709910000	1618098682748698000	35750	542831390	-1
1618098685159917000	1618098685199206000	35750	500000000	-1
1618098688240801000	1618098688273572000	35760	2340725340	2
1618098704130348000	1618098704172221000	35770	38751810	1
1618098711146545000	1618098711187571000	35770	254605250	1
1618098715065966000	1618098715104916000	35770	1226040	1
1618098722007622000	1618098721837777000	35770	4604580	1
1618098729075198000	1618098729098404000	35760	111886930	-2
1618098737088360000	1618098737131016000	35760	4860000000	-1
1618098750258617000	1618098750297978000	35740	2815280	-1
1618098780894542000	1618098780936840000	35770	9355460	-1
1618098787074267000	1618098787117756000	35790	22919690	1
1618098791121599000	1618098791161159000	35790	8377000000	1
1618098795978512000	1618098796019226000	35790	80310	1
1618098795978835000	1618098796019226000	35800	4096980	1
1618098800396810000	1618098800438819000	35800	2090920	-1
1618098820849845000	1618098820885335000	35790	1226040	-1
1618098826725915000	1618098826768257000	35800	228913350	1
1618098836680865000	1618098836723461000	35790	31030480	1
1618098842824284000	1618098842855029000	35790	5077300	1
1618098848636170000	1618098848663296000	35790	18315882900	5
1618098850878442000	1618098850920781000	35790	22584040	1
1618098850881358000	1618098850920781000	35800	13943710	1
1618098854569964000	1618098854610166000	35790	5555780	1
1618098859790257000	1618098859823583000	35780	24000000	-1
1618098877798007000	1618098877837201000	35770	3409450	1
1618098885359402000	1618098885395091000	35780	5493674010	1
1618098886088659000	1618098886130161000	35770	86303270	-1
1618098891173242000	1618098891208750000	35770	4584936260	2
1618098894839447000	1618098894882944000	35770	429507330	1
1618098896685928000	1618098896723566000	35760	5555780	-1
1618098922834327000	1618098922875205000	35780	49066790	1
1618098922928667000	1618098922966426000	35770	1329215230	-1
1618098924567316000	1618098924609951000	35770	303864650	1
1618098925960868000	1618098925995017000	35750	580653450	-1
1618098927917113000	1618098927914281000	35770	316898100	1
1618098933417324000	1618098933446911000	35760	438550400	-1
1618098935178360000	1618098935223662000	35770	1310224120	-1
1618098944506757000	1618098944536421000	35760	2705490	-1
1618098946788366000	1618098946830109000	35770	1268370	1
1618098960464463000	1618098960493926000	35770	22940690	1
1618098962467913000	1618098962510449000	35770	419604010	1
1618098975389205000	1618098975413418000	35760	4250000000	-2
1618098976350296000	1618098976366691000	35760	1164020	-1
1618098987026235000	1618098987053837000	35770	221431900	1
1618098992432021000	1618098992475704000	35770	83869170	1
1618098994428641000	1618098994468423000	35770	22940690	1
1618099028760672000	1618099028803043000	35750	9762320	-1
1618099030588982000	1618099030629130000	35750	2000000	-1
1618099033727388000	1618099033756354000	35750	322692380	-1
1618099044189928000	1618099044232915000	35740	1627800	1
1618099054403294000	1618099054443969000	35730	32763480	-1
1618099067911203000	1618099067954969000	35720	1846120	1
1618099082070475000	1618099082108599000	35720	1968083000	-2
1618099087325333000	1618099087360382000	35720	1104460	1
1618099089306962000	1618099089341469000	35720	6001251730	4
1618099095849170000	1618099095880904000	35710	4900000000	-1
1618099097631820000	1618099097674525000	35720	629350280	1
1618099098709543000	1618099098746931000	35720	558491520	1
1618099099519790000	1618099099561179000	35710	1792630	-1
1618099101327136000	1618099101365391000	35710	210000000	-2
1618099107453923000	1618099107495619000	35720	459291220	1
1618099107674610000	1618099107716407000	35710	1268370	-1
1618099108250837000	1618099108294209000	35710	21097100	-1
1618099110171641000	1618099110215013000	35720	1275040	1
1618099121082169000	1618099121122276000	35720	57998830	-1
1618099121174645000	1618099121219252000	35730	2306160	1
1618099130981881000	1618099131025648000	35720	53113270	-1
1618099135668958000	1618099135704837000	35720	1307624110	-2
1618099139195698000	1618099139236020000	35730	2087218520	1
1618099145133211000	1618099145176421000	35740	2609680	1
1618099159992557000	1618099160036384000	35730	9283040	1
1618099169420908000	1618099169461547000	35720	459217550	2
1618099179942237000	1618099179977011000	35710	4593461130	2
1618099185210620000	1618099185255426000	35710	2437080	1
1618099190881370000	1618099190912281000	35700	1413875900	2
1618099191052769000	1618099191036562000	35690	3083500000	-3
1618099191053434000	1618099191041668000	35690	580400000	-1
1618099191073424000	1618099191108399000	35700	70691460	1
1618099193705743000	1618099193719748000	35690	16440080	-1
1618099200338638000	1618099200371615000	35690	4997693900	-2
1618099201416517000	1618099201455652000	35710	48857090	1
1618099209954466000	1618099209989370000	35690	8595860	-1
1618099211774860000	1618099211817394000	35690	278693940	-1
1618099216220608000	1618099216252941000	35700	36099980	-1
1618099227735943000	1618099227773170000	35690	250000000	-1
1618099233506456000	1618099233487981000	35680	650000000	-1
1618099235898248000	1618099235877217000	35680	207760	-1
1618099238784129000	1618099238824660000	35660	580000000	-1
1618099250397330000	1618099250434367000	35670	2609680	-1
1618099256168318000	1618099256161979000	35670	2236670	-1
1618099261271916000	1618099261308506000	35670	150000000	-2
1618099264326112000	1618099264353855000	35690	324743590	2
1618099264725143000	1618099264767040000	35670	1282610	-1
1618099266381882000	1618099266415751000	35690	27424190	1
1618099272901958000	1618099272929886000	35660	152077940	-1
1618099273234140000	1618099273276674000	35680	22971070	1
1618099277840448000	1618099277875888000	35650	7788500000	-2
1618099277835620000	1618099277875888000	35660	1500000	-1
1618099282291882000	1618099282336388000	35650	918198190	1
1618099282915546000	1618099282940921000	35640	29566110	-1
1618099290938577000	1618099290979538000	35670	1979480	1
1618099297598217000	1618099297634997000	35670	165481900	1
1618099306887977000	1618099306919903000	35660	16001170	1
1618099310803850000	1618099310843106000	35650	31750610	1
1618099311632053000	1618099311662654000	35650	2281900	1
1618099315874850000	1618099315910398000	35650	212671800	2
1618099315875102000	1618099315910398000	35660	621603010	1
1618099317984069000	1618099318021342000	35650	83669070	-1
1618099318522691000	1618099318565575000	35650	39802150	-1
1618099343725820000	1618099343759002000	35630	561476040	-2
1618099346767686000	1618099346806661000	35650	1265370	1
1618099347810987000	1618099347852072000	35650	927564980	1
1618099348167452000	1618099348211386000	35650	2283180	1
1618099349596590000	1618099349641270000	35630	2381380	1
1618099350103411000	1618099350128487000	35610	3266825080	-4
1618099350087144000	1618099350128487000	35620	1175572220	-1
1618099351908221000	1618099351946914000	35600	39610600	-1
1618099358104422000	1618099358147995000	35620	54246140	1
1618099362382984000	1618099362421140000	35610	1075930	-1
1618099366962476000	1618099366986502000	35620	4333070	1
1618099367605271000	1618099367649424000	35620	16349040	1
1618099371520852000	1618099371560033000	35600	1016536920	-2
1618099372805901000	1618099372783167000	35590	13470000000	-8
1618099377686464000	1618099377729240000	35600	175733340	-1
1618099382463174000	1618099382506941000	35610	49184750	1
1618099382582881000	1618099382623141000	35600	6560710	-1
1618099394621596000	1618099394662341000	35610	827620580	1
1618099395960687000	1618099395997508000	35600	281657740	-1
1618099405918512000	1618099405948959000	35610	413796520	1
1618099406876308000	1618099406913244000	35610	2298924630	1
1618099409103344000	1618099409147480000	35610	542843120	1
1618099421999412000	1618099422041090000	35600	8631000	-1
1618099432716028000	1618099432753268000	35610	46942960	-1
1618099437570687000	1618099437612831000	35620	1926660	1
1618099444732246000	1618099444773882000	35610	416958480	1
1618099444851571000	1618099444881629000	35610	28066240	1
1618099452230658000	1618099452270931000	35610	2283180	-1
1618099456256299000	1618099456298730000	35620	9724490	1
1618099466330353000	1618099466365697000	35620	13761820	1
1618099466466903000	1618099466505748000	35610	3746560	-1
1618099475917229000	1618099475932731000	35610	620000000	-1
1618099476969612000	1618099477008741000	35620	464457470	2
1618099481663279000	1618099481702398000	35610	38860970	1
1618099491296554000	1618099491276987000	35600	2469350000	-2
1618099499052727000	1618099499093604000	35600	25322020	-1
1618099499315999000	1618099499355080000	35600	4693740	-1
1618099513087112000	1618099513131084000	35600	46937450	-1
1618099521602874000	1618099521648278000	35610	2381740	1
1618099525796166000	1618099525839625000	35620	286594260	1
